@ARTICLE{SK,
   author = {{Kennicutt}, Jr., R.~C.},
    title = "{The Global Schmidt Law in Star-forming Galaxies}",
  journal = {\apj},
   eprint = {astro-ph/9712213},
 keywords = {GALAXIES: EVOLUTION, GALAXIES: ISM, GALAXIES: SPIRAL, GALAXIES: STELLAR CONTENT, GALAXIES: STARBURST, STARS: FORMATION, Galaxies: Evolution, Galaxies: ISM, Galaxies: Spiral, Galaxies: Starburst, Galaxies: Stellar Content, Stars: Formation},
     year = 1998,
    month = may,
   volume = 498,
    pages = {541-552},
      doi = {10.1086/305588},
   adsurl = {http://adsabs.harvard.edu/abs/1998ApJ...498..541K},
  adsnote = {Provided by the SAO/NASA Astrophysics Data System}
}

SK model
@ARTICLE{KT07a,
   author = {{Krumholz}, M.~R. and {Thompson}, T.~A.},
    title = "{The Relationship between Molecular Gas Tracers and Kennicutt-Schmidt Laws}",
  journal = {\apj},
archivePrefix = "arXiv",
   eprint = {0704.0792},
 keywords = {Galaxies: ISM, ISM: Clouds, ISM: Molecules, Radio Lines: ISM, Stars: Formation},
     year = 2007,
    month = nov,
   volume = 669,
    pages = {289-298},
      doi = {10.1086/521642},
   adsurl = {http://adsabs.harvard.edu/abs/2007ApJ...669..289K},
  adsnote = {Provided by the SAO/NASA Astrophysics Data System}
}

SFRD
@ARTICLE{Madau14a,
   author = {{Madau}, P. and {Dickinson}, M.},
    title = "{Cosmic Star-Formation History}",
  journal = {\araa},
archivePrefix = "arXiv",
   eprint = {1403.0007},
     year = 2014,
    month = aug,
   volume = 52,
    pages = {415-486},
      doi = {10.1146/annurev-astro-081811-125615},
   adsurl = {http://adsabs.harvard.edu/abs/2014ARA%26A..52..415M},
  adsnote = {Provided by the SAO/NASA Astrophysics Data System}
}


 @ARTICLE{Scott11a,
    author = {{Scott}, K.~S. and {Lupu}, R.~E. and {Aguirre}, J.~E. and {Auld}, R. and
   {Aussel}, H. and {Baker}, A.~J. and {Beelen}, A. and {Bock}, J. and
   {Bradford}, C.~M. and {Brisbin}, D. and {Burgarella}, D. and
   {Carpenter}, J.~M. and {Chanial}, P. and {Chapman}, S.~C. and
   {Clements}, D.~L. and {Conley}, A. and {Cooray}, A. and {Cox}, P. and
   {Dowell}, C.~D. and {Eales}, S. and {Farrah}, D. and {Franceschini}, A. and
   {Frayer}, D.~T. and {Gavazzi}, R. and {Glenn}, J. and {Griffin}, M. and
   {Harris}, A.~I. and {Ibar}, E. and {Ivison}, R.~J. and {Kamenetzky}, J. and
   {Kim}, S. and {Krips}, M. and {Maloney}, P.~R. and {Matsuhara}, H. and
   {Mortier}, A.~M.~J. and {Murphy}, E.~J. and {Naylor}, B.~J. and
   {Neri}, R. and {Nguyen}, H.~T. and {Oliver}, S.~J. and {Omont}, A. and
   {Page}, M.~J. and {Papageorgiou}, A. and {Pearson}, C.~P. and
   {P{\'e}rez-Fournon}, I. and {Pohlen}, M. and {Rawlings}, J.~I. and
   {Raymond}, G. and {Riechers}, D. and {Rodighiero}, G. and {Roseboom}, I.~G. and
   {Rowan-Robinson}, M. and {Scott}, D. and {Seymour}, N. and {Smith}, A.~J. and
   {Symeonidis}, M. and {Tugwell}, K.~E. and {Vaccari}, M. and
   {Vieira}, J.~D. and {Vigroux}, L. and {Wang}, L. and {Wright}, G. and
   {Zmuidzinas}, J.},
     title = "{Redshift Determination and CO Line Excitation Modeling for the Multiply Lensed Galaxy HLSW-01}",
   journal = {\apj},
 archivePrefix = "arXiv",
    eprint = {1104.4115},
  keywords = {galaxies: high-redshift, galaxies: individual: HERMES J105751.1+573027, galaxies: starburst, submillimeter: galaxies},
      year = 2011,
     month = may,
    volume = 733,
       eid = {29},
     pages = {29},
       doi = {10.1088/0004-637X/733/1/29},
    adsurl = {http://adsabs.harvard.edu/abs/2011ApJ...733...29S},
   adsnote = {Provided by the SAO/NASA Astrophysics Data System}
 }




@ARTICLE{Leung16a,
   author = {{Leung}, T.~K.~D. and {Riechers}, D.~A.},
    title = "{A Massive Molecular Gas Reservoir in the Z = 2.221 Type-2 Quasar Host Galaxy SMM J0939+8315 Lensed by the Radio Galaxy 3C220.3}",
  journal = {\apj},
archivePrefix = "arXiv",
   eprint = {1601.04172},
 keywords = {cosmology: observations, galaxies: evolution, galaxies: high-redshift, galaxies: starburst, submillimeter: galaxies},
     year = 2016,
    month = feb,
   volume = 818,
      eid = {196},
    pages = {196},
      doi = {10.3847/0004-637X/818/2/196},
   adsurl = {http://adsabs.harvard.edu/abs/2016ApJ...818..196L},
  adsnote = {Provided by the SAO/NASA Astrophysics Data System}
}


@ARTICLE{Leung16b,
   author = {{Leung}, T.~K.~D. and {Riechers}, D.~A. and {Pavesi}, R.},
    title = "{MOLECULAR GAS DYNAMICS OF THE STRONGLY-LENSED QUASAR HOST GALAXY RXS J1131−1231}",
  journal = {\apj},
    pages = {submitted},
 keywords = {infrared: galaxies, galaxies: high-redshift, galaxies: ISM, galaxies: evolution, quasars: individual (RXS J1131−1231), radio lines: ISM},
     year = 2016
}


uvmcmcfit
@ARTICLE{Bussmann12a,
   author = {{Bussmann}, R.~S. and {Gurwell}, M.~A. and {Fu}, H. and {Smith}, D.~J.~B. and
  {Dye}, S. and {Auld}, R. and {Baes}, M. and {Baker}, A.~J. and
  {Bonfield}, D. and {Cava}, A. and {Clements}, D.~L. and {Cooray}, A. and
  {Coppin}, K. and {Dannerbauer}, H. and {Dariush}, A. and {De Zotti}, G. and
  {Dunne}, L. and {Eales}, S. and {Fritz}, J. and {Hopwood}, R. and
  {Ibar}, E. and {Ivison}, R.~J. and {Jarvis}, M.~J. and {Kim}, S. and
  {Leeuw}, L.~L. and {Maddox}, S. and {Micha{\l}owski}, M.~J. and
  {Negrello}, M. and {Pascale}, E. and {Pohlen}, M. and {Riechers}, D.~A. and
  {Rigby}, E. and {Scott}, D. and {Temi}, P. and {Van der Werf}, P.~P. and
  {Wardlow}, J. and {Wilner}, D. and {Verma}, A.},
    title = "{A Detailed Gravitational Lens Model Based on Submillimeter Array and Keck Adaptive Optics Imaging of a Herschel-ATLAS Submillimeter Galaxy at z = 4.243}",
  journal = {\apj},
archivePrefix = "arXiv",
   eprint = {1207.2724},
 keywords = {galaxies: evolution, galaxies: fundamental parameters, galaxies: high-redshift, gravitational lensing: strong},
     year = 2012,
    month = sep,
   volume = 756,
      eid = {134},
    pages = {134},
      doi = {10.1088/0004-637X/756/2/134},
   adsurl = {http://adsabs.harvard.edu/abs/2012ApJ...756..134B},
  adsnote = {Provided by the SAO/NASA Astrophysics Data System}
}

@ARTICLE{Bussmann13a,
   author = {{Bussmann}, R.~S. and {P{\'e}rez-Fournon}, I. and {Amber}, S. and
  {Calanog}, J. and {Gurwell}, M.~A. and {Dannerbauer}, H. and
  {De Bernardis}, F. and {Fu}, H. and {Harris}, A.~I. and {Krips}, M. and
  {Lapi}, A. and {Maiolino}, R. and {Omont}, A. and {Riechers}, D. and
  {Wardlow}, J. and {Baker}, A.~J. and {Birkinshaw}, M. and {Bock}, J. and
  {Bourne}, N. and {Clements}, D.~L. and {Cooray}, A. and {De Zotti}, G. and
  {Dunne}, L. and {Dye}, S. and {Eales}, S. and {Farrah}, D. and
  {Gavazzi}, R. and {Gonz{\'a}lez Nuevo}, J. and {Hopwood}, R. and
  {Ibar}, E. and {Ivison}, R.~J. and {Laporte}, N. and {Maddox}, S. and
  {Mart{\'{\i}}nez-Navajas}, P. and {Michalowski}, M. and {Negrello}, M. and
  {Oliver}, S.~J. and {Roseboom}, I.~G. and {Scott}, D. and {Serjeant}, S. and
  {Smith}, A.~J. and {Smith}, M. and {Streblyanska}, A. and {Valiante}, E. and
  {van der Werf}, P. and {Verma}, A. and {Vieira}, J.~D. and {Wang}, L. and
  {Wilner}, D.},
    title = "{Gravitational Lens Models Based on Submillimeter Array Imaging of Herschel-selected Strongly Lensed Sub-millimeter Galaxies at z $\gt$ 1.5}",
  journal = {\apj},
archivePrefix = "arXiv",
   eprint = {1309.0836},
 keywords = {galaxies: evolution, galaxies: fundamental parameters, galaxies: halos, galaxies: high-redshift, gravitational lensing: strong},
     year = 2013,
    month = dec,
   volume = 779,
      eid = {25},
    pages = {25},
      doi = {10.1088/0004-637X/779/1/25},
   adsurl = {http://adsabs.harvard.edu/abs/2013ApJ...779...25B},
  adsnote = {Provided by the SAO/NASA Astrophysics Data System}
}

@ARTICLE{Bussmann15a,
   author = {{Bussmann}, R.~S. and {Riechers}, D. and {Fialkov}, A. and {Scudder}, J. and
  {Hayward}, C.~C. and {Cowley}, W.~I. and {Bock}, J. and {Calanog}, J. and
  {Chapman}, S.~C. and {Cooray}, A. and {De Bernardis}, F. and
  {Farrah}, D. and {Fu}, H. and {Gavazzi}, R. and {Hopwood}, R. and
  {Ivison}, R.~J. and {Jarvis}, M. and {Lacey}, C. and {Loeb}, A. and
  {Oliver}, S.~J. and {P{\'e}rez-Fournon}, I. and {Rigopoulou}, D. and
  {Roseboom}, I.~G. and {Scott}, D. and {Smith}, A.~J. and {Vieira}, J.~D. and
  {Wang}, L. and {Wardlow}, J.},
    title = "{HerMES: ALMA Imaging of Herschel-selected Dusty Star-forming Galaxies}",
  journal = {\apj},
archivePrefix = "arXiv",
   eprint = {1504.05256},
 keywords = {galaxies: evolution, submillimeter: galaxies, techniques: interferometric},
     year = 2015,
    month = oct,
   volume = 812,
      eid = {43},
    pages = {43},
      doi = {10.1088/0004-637X/812/1/43},
   adsurl = {http://adsabs.harvard.edu/abs/2015ApJ...812...43B},
  adsnote = {Provided by the SAO/NASA Astrophysics Data System}
}

CO ULIRG gas fraction
@ARTICLE{Combes13a,
   author = {{Combes}, F. and {Garc{\'{\i}}a-Burillo}, S. and {Braine}, J. and
  {Schinnerer}, E. and {Walter}, F. and {Colina}, L.},
    title = "{Gas fraction and star formation efficiency at z $\lt$ 1.0}",
  journal = {\aap},
archivePrefix = "arXiv",
   eprint = {1209.3665},
 keywords = {galaxies: high-redshift, galaxies: ISM, galaxies: starburst, radio lines: galaxies},
     year = 2013,
    month = feb,
   volume = 550,
      eid = {A41},
    pages = {A41},
      doi = {10.1051/0004-6361/201220392},
   adsurl = {http://adsabs.harvard.edu/abs/2013A%26A...550A..41C},
  adsnote = {Provided by the SAO/NASA Astrophysics Data System}
}


# low z CO
@ARTICLE{Downes98a,
   author = {{Downes}, D. and {Solomon}, P.~M.},
    title = "{Rotating Nuclear Rings and Extreme Starbursts in Ultraluminous Galaxies}",
  journal = {\apj},
   eprint = {astro-ph/9806377},
 keywords = {GALAXIES: ISM, GALAXIES: KINEMATICS AND DYNAMICS, GALAXIES: NUCLEI, RADIO LINES: GALAXIES, Galaxies: ISM, Galaxies: Kinematics and Dynamics, Galaxies: Nuclei, Radio Lines: Galaxies},
     year = 1998,
    month = nov,
   volume = 507,
    pages = {615-654},
      doi = {10.1086/306339},
   adsurl = {http://adsabs.harvard.edu/abs/1998ApJ...507..615D},
  adsnote = {Provided by the SAO/NASA Astrophysics Data System}
}

# high z CO
@ARTICLE{CW13,
   author = {{Carilli}, C.~L. and {Walter}, F.},
    title = "{Cool Gas in High-Redshift Galaxies}",
  journal = {\araa},
archivePrefix = "arXiv",
   eprint = {1301.0371},
     year = 2013,
    month = aug,
   volume = 51,
    pages = {105-161},
      doi = {10.1146/annurev-astro-082812-140953},
   adsurl = {http://adsabs.harvard.edu/abs/2013ARA%26A..51..105C},
  adsnote = {Provided by the SAO/NASA Astrophysics Data System}
}


@ARTICLE{SV05a,
   author = {{Solomon}, P.~M. and {Vanden Bout}, P.~A.},
    title = "{Molecular Gas at High Redshift}",
  journal = {\araa},
   eprint = {astro-ph/0508481},
     year = 2005,
    month = sep,
   volume = 43,
    pages = {677-725},
      doi = {10.1146/annurev.astro.43.051804.102221},
   adsurl = {http://adsabs.harvard.edu/abs/2005ARA%26A..43..677S},
  adsnote = {Provided by the SAO/NASA Astrophysics Data System}
}


# RXJ1131
@ARTICLE{Sluse03a,
   author = {{Sluse}, D. and {Surdej}, J. and {Claeskens}, J.-F. and {Hutsem{\'e}kers}, D. and
  {Jean}, C. and {Courbin}, F. and {Nakos}, T. and {Billeres}, M. and
  {Khmil}, S.~V.},
    title = "{A quadruply imaged quasar with an optical Einstein ring candidate: 1RXS J113155.4-123155}",
  journal = {\aap},
   eprint = {astro-ph/0307345},
 keywords = {gravitational lens, quasar, cosmology},
     year = 2003,
    month = jul,
   volume = 406,
    pages = {L43-L46},
      doi = {10.1051/0004-6361:20030904},
   adsurl = {http://adsabs.harvard.edu/abs/2003A%26A...406L..43S},
  adsnote = {Provided by the SAO/NASA Astrophysics Data System}
}

@ARTICLE{Claeskens06a,
   author = {{Claeskens}, J.-F. and {Sluse}, D. and {Riaud}, P. and {Surdej}, J.
  },
    title = "{Multi wavelength study of the gravitational lens system RXS J1131-1231.  II. Lens model and source reconstruction}",
  journal = {\aap},
   eprint = {astro-ph/0602309},
 keywords = {gravitational lensing, galaxies: evolution, galaxies: Seyfert, quasars: individual: RXS J1131-1231},
     year = 2006,
    month = jun,
   volume = 451,
    pages = {865-879},
      doi = {10.1051/0004-6361:20054352},
   adsurl = {http://adsabs.harvard.edu/abs/2006A%26A...451..865C},
  adsnote = {Provided by the SAO/NASA Astrophysics Data System}
}


@ARTICLE{Brewer08a,
   author = {{Brewer}, B.~J. and {Lewis}, G.~F.},
    title = "{Unlensing HST observations of the Einstein ring 1RXS J1131-1231: a Bayesian analysis}",
  journal = {\mnras},
archivePrefix = "arXiv",
   eprint = {0807.2145},
 keywords = {gravitational lensing , methods: statistical , galaxies: structure},
     year = 2008,
    month = oct,
   volume = 390,
    pages = {39-48},
      doi = {10.1111/j.1365-2966.2008.13715.x},
   adsurl = {http://adsabs.harvard.edu/abs/2008MNRAS.390...39B},
  adsnote = {Provided by the SAO/NASA Astrophysics Data System}
}

# Cosmic SFH
@ARTICLE{LeFloch05a,
   author = {{Le Floc'h}, E. and {Papovich}, C. and {Dole}, H. and {Bell}, E.~F. and
  {Lagache}, G. and {Rieke}, G.~H. and {Egami}, E. and {P{\'e}rez-Gonz{\'a}lez}, P.~G. and
  {Alonso-Herrero}, A. and {Rieke}, M.~J. and {Blaylock}, M. and
  {Engelbracht}, C.~W. and {Gordon}, K.~D. and {Hines}, D.~C. and
  {Misselt}, K.~A. and {Morrison}, J.~E. and {Mould}, J.},
    title = "{Infrared Luminosity Functions from the Chandra Deep Field-South: The Spitzer View on the History of Dusty Star Formation at 0 $\lt$\~{} z $\lt$\~{} 1}",
  journal = {\apj},
   eprint = {astro-ph/0506462},
 keywords = {Cosmology: Observations, Galaxies: Evolution, Galaxies: High-Redshift, Infrared: Galaxies},
     year = 2005,
    month = oct,
   volume = 632,
    pages = {169-190},
      doi = {10.1086/432789},
   adsurl = {http://adsabs.harvard.edu/abs/2005ApJ...632..169L},
  adsnote = {Provided by the SAO/NASA Astrophysics Data System}
}

# high z limited
@ARTICLE{Carilli05a,
   author = {{Carilli}, C.~L. and {Solomon}, P. and {Vanden Bout}, P. and
  {Walter}, F. and {Beelen}, A. and {Cox}, P. and {Bertoldi}, F. and
  {Menten}, K.~M. and {Isaak}, K.~G. and {Chandler}, C.~J. and
  {Omont}, A.},
    title = "{A Search for Dense Molecular Gas in High-Redshift Infrared-Luminous Galaxies}",
  journal = {\apj},
   eprint = {astro-ph/0409054},
 keywords = {Galaxies: Active, Galaxies: Formation, Galaxies: High-Redshift, Galaxies: ISM, Galaxies: Starburst, Infrared: Galaxies},
     year = 2005,
    month = jan,
   volume = 618,
    pages = {586-591},
      doi = {10.1086/426014},
   adsurl = {http://adsabs.harvard.edu/abs/2005ApJ...618..586C},
  adsnote = {Provided by the SAO/NASA Astrophysics Data System}
}

GMC density, high J dense gas, theoretical grounds
@ARTICLE{KM05,
   author = {{Krumholz}, M.~R. and {McKee}, C.~F.},
    title = "{A General Theory of Turbulence-regulated Star Formation, from Spirals to Ultraluminous Infrared Galaxies}",
  journal = {\apj},
   eprint = {astro-ph/0505177},
 keywords = {Galaxies: ISM, Hydrodynamics, ISM: Clouds, ISM: Kinematics and Dynamics, Stars: Formation, Turbulence},
     year = 2005,
    month = sep,
   volume = 630,
    pages = {250-268},
      doi = {10.1086/431734},
   adsurl = {http://adsabs.harvard.edu/abs/2005ApJ...630..250K},
  adsnote = {Provided by the SAO/NASA Astrophysics Data System}
}


dense gas as immediate fuel for SF in turbulent GMCs
@ARTICLE{Shirley03a,
   author = {{Shirley}, Y.~L. and {Evans}, II, N.~J. and {Young}, K.~E. and
  {Knez}, C. and {Jaffe}, D.~T.},
    title = "{A CS J=5--$\gt$4 Mapping Survey Toward High-Mass Star-forming Cores Associated with Water Masers}",
  journal = {\apjs},
   eprint = {astro-ph/0308310},
 keywords = {ISM: Dust, Extinction, ISM: Clouds, ISM: Molecules, Stars: Formation},
     year = 2003,
    month = dec,
   volume = 149,
    pages = {375-403},
      doi = {10.1086/379147},
   adsurl = {http://adsabs.harvard.edu/abs/2003ApJS..149..375S},
  adsnote = {Provided by the SAO/NASA Astrophysics Data System}
}



CO SLED in ULIRGs and AGN
@ARTICLE{Papadopoulos10a,
   author = {{Papadopoulos}, P.~P. and {van der Werf}, P. and {Isaak}, K. and
  {Xilouris}, E.~M.},
    title = "{CO Spectral Line Energy Distributions of Infrared-Luminous Galaxies and Active Galactic Nuclei}",
  journal = {\apj},
archivePrefix = "arXiv",
   eprint = {1003.5889},
 keywords = {galaxies: individual: Arp 220 PG 1119+120 3C 293, galaxies: starburst, ISM: molecules},
     year = 2010,
    month = jun,
   volume = 715,
    pages = {775-792},
      doi = {10.1088/0004-637X/715/2/775},
   adsurl = {http://adsabs.harvard.edu/abs/2010ApJ...715..775P},
  adsnote = {Provided by the SAO/NASA Astrophysics Data System}
}

Mrk 231 high-J CO
@ARTICLE{Papadopoulos07b,
   author = {{Papadopoulos}, P.~P. and {Isaak}, K.~G. and {van der Werf}, P.~P.
  },
    title = "{First CO J = 6-5 and J = 4-3 Detections in Local ULIRGs: The Dense Gas in Markarian 231 and Its Cooling Budget}",
  journal = {\apj},
archivePrefix = "arXiv",
   eprint = {0706.0811},
 keywords = {galaxies: individual (Mrk 231), Galaxies: ISM, Galaxies: Starburst, ISM: Molecules},
     year = 2007,
    month = oct,
   volume = 668,
    pages = {815-825},
      doi = {10.1086/520671},
   adsurl = {http://adsabs.harvard.edu/abs/2007ApJ...668..815P},
  adsnote = {Provided by the SAO/NASA Astrophysics Data System}
}


CO SLED
@ARTICLE{Papadopoulos12a,
   author = {{Papadopoulos}, P.~P. and {van der Werf}, P.~P. and {Xilouris}, E.~M. and
  {Isaak}, K.~G. and {Gao}, Y. and {M{\"u}hle}, S.},
    title = "{The molecular gas in luminous infrared galaxies - I. CO lines, extreme physical conditions and their drivers}",
  journal = {\mnras},
archivePrefix = "arXiv",
   eprint = {1109.4176},
 keywords = {cosmic rays, ISM: molecules, galaxies: ISM, galaxies: starburst, infrared: galaxies, radio lines: ISM},
     year = 2012,
    month = nov,
   volume = 426,
    pages = {2601-2629},
      doi = {10.1111/j.1365-2966.2012.21001.x},
   adsurl = {http://adsabs.harvard.edu/abs/2012MNRAS.426.2601P},
  adsnote = {Provided by the SAO/NASA Astrophysics Data System}
}


SF clumps
@ARTICLE{Swinbank12a,
   author = {{Swinbank}, A.~M. and {Smail}, I. and {Sobral}, D. and {Theuns}, T. and
  {Best}, P.~N. and {Geach}, J.~E.},
    title = "{The Properties of the Star-forming Interstellar Medium at z = 0.8-2.2 from HiZELS: Star Formation and Clump Scaling Laws in Gas-rich, Turbulent Disks}",
  journal = {\apj},
archivePrefix = "arXiv",
   eprint = {1209.1396},
 primaryClass = "astro-ph.CO",
 keywords = {galaxies: evolution, galaxies: high-redshift, galaxies: starburst},
     year = 2012,
    month = dec,
   volume = 760,
      eid = {130},
    pages = {130},
      doi = {10.1088/0004-637X/760/2/130},
   adsurl = {http://adsabs.harvard.edu/abs/2012ApJ...760..130S},
  adsnote = {Provided by the SAO/NASA Astrophysics Data System}
}


SF clumps
@ARTICLE{Swinbank12b,
   author = {{Swinbank}, A.~M. and {Sobral}, D. and {Smail}, I. and {Geach}, J.~E. and
  {Best}, P.~N. and {McCarthy}, I.~G. and {Crain}, R.~A. and {Theuns}, T.
  },
    title = "{The properties of the star-forming interstellar medium at z = 0.84-2.23 from HiZELS: mapping the internal dynamics and metallicity gradients in high-redshift disc galaxies}",
  journal = {\mnras},
archivePrefix = "arXiv",
   eprint = {1209.1395},
 primaryClass = "astro-ph.CO",
 keywords = {galaxies: evolution, galaxies: formation, galaxies: high-redshift},
     year = 2012,
    month = oct,
   volume = 426,
    pages = {935-950},
      doi = {10.1111/j.1365-2966.2012.21774.x},
   adsurl = {http://adsabs.harvard.edu/abs/2012MNRAS.426..935S},
  adsnote = {Provided by the SAO/NASA Astrophysics Data System}
}


@ARTICLE{Riechers07a,
   author = {{Riechers}, D.~A. and {Walter}, F. and {Carilli}, C.~L. and
  {Bertoldi}, F.},
    title = "{Observations of Dense Molecular Gas in a Quasar Host Galaxy at z = 6.42: Further Evidence for a Nonlinear Dense Gas-Star Formation Relation at Early Cosmic Times}",
  journal = {\apjl},
archivePrefix = "arXiv",
   eprint = {0710.4525},
 keywords = {Cosmology: Observations, Galaxies: Active, Galaxies: Formation, Galaxies: High-Redshift, Galaxies: Starburst, Radio Lines: Galaxies},
     year = 2007,
    month = dec,
   volume = 671,
    pages = {L13-L16},
      doi = {10.1086/524871},
   adsurl = {http://adsabs.harvard.edu/abs/2007ApJ...671L..13R},
  adsnote = {Provided by the SAO/NASA Astrophysics Data System}
}


@ARTICLE{Riechers10a,
   author = {{Riechers}, D.~A. and {Wei{\ss}}, A. and {Walter}, F. and {Wagg}, J.
  },
    title = "{Dense Molecular Gas Excitation in Nuclear Starbursts at High Redshift: HCN, HNC, and HCO$^{+}$(J = 6{\rarr}5) Emission in the z = 3.91 Quasar Host of APM 08279+5255}",
  journal = {\apj},
archivePrefix = "arXiv",
   eprint = {1010.2485},
 primaryClass = "astro-ph.CO",
 keywords = {cosmology: observations, galaxies: active, galaxies: formation, galaxies: high-redshift, galaxies: starburst, radio lines: galaxies},
     year = 2010,
    month = dec,
   volume = 725,
    pages = {1032-1039},
      doi = {10.1088/0004-637X/725/1/1032},
   adsurl = {http://adsabs.harvard.edu/abs/2010ApJ...725.1032R},
  adsnote = {Provided by the SAO/NASA Astrophysics Data System}
}


galaxies with similar infrared luminosity *densities* across different redshifts shared more common observed properties (such as aromatic features) than simply galaxies at a shared infrared luminosity
--> SMGs and ULIRGs are fundamentally different, albeit of similar LIR
@ARTICLE{Rujopakarn11a,
   author = {{Rujopakarn}, W. and {Rieke}, G.~H. and {Eisenstein}, D.~J. and
  {Juneau}, S.},
    title = "{Morphology and Size Differences Between Local and High-redshift Luminous Infrared Galaxies}",
  journal = {\apj},
archivePrefix = "arXiv",
   eprint = {1010.0675},
 keywords = {galaxies: evolution, galaxies: high-redshift, galaxies: starburst, galaxies: structure, infrared: galaxies},
     year = 2011,
    month = jan,
   volume = 726,
      eid = {93},
    pages = {93},
      doi = {10.1088/0004-637X/726/2/93},
   adsurl = {http://adsabs.harvard.edu/abs/2011ApJ...726...93R},
  adsnote = {Provided by the SAO/NASA Astrophysics Data System}
}


MOLECULAR GAS EXCITATION OF MASSIVE DISK GALAXIES
@ARTICLE{Dannerbauer09a,
   author = {{Dannerbauer}, H. and {Daddi}, E. and {Riechers}, D.~A. and
  {Walter}, F. and {Carilli}, C.~L. and {Dickinson}, M. and {Elbaz}, D. and
  {Morrison}, G.~E.},
    title = "{Low Milky-Way-Like Molecular Gas Excitation of Massive Disk Galaxies at z \~{} 1.5}",
  journal = {\apjl},
archivePrefix = "arXiv",
   eprint = {0905.3637},
 primaryClass = "astro-ph.CO",
 keywords = {cosmology: observations, galaxies: evolution, galaxies: formation, galaxies: high-redshift, galaxies: starburst},
     year = 2009,
    month = jun,
   volume = 698,
    pages = {L178-L182},
      doi = {10.1088/0004-637X/698/2/L178},
   adsurl = {http://adsabs.harvard.edu/abs/2009ApJ...698L.178D},
  adsnote = {Provided by the SAO/NASA Astrophysics Data System}
}


@ARTICLE{Daddi10a,
   author = {{Daddi}, E. and {Bournaud}, F. and {Walter}, F. and {Dannerbauer}, H. and
  {Carilli}, C.~L. and {Dickinson}, M. and {Elbaz}, D. and {Morrison}, G.~E. and
  {Riechers}, D. and {Onodera}, M. and {Salmi}, F. and {Krips}, M. and
  {Stern}, D.},
    title = "{Very High Gas Fractions and Extended Gas Reservoirs in z = 1.5 Disk Galaxies}",
  journal = {\apj},
archivePrefix = "arXiv",
   eprint = {0911.2776},
 keywords = {cosmology: observations, galaxies: evolution, galaxies: formation, galaxies: starburst, infrared: galaxies},
     year = 2010,
    month = apr,
   volume = 713,
    pages = {686-707},
      doi = {10.1088/0004-637X/713/1/686},
   adsurl = {http://adsabs.harvard.edu/abs/2010ApJ...713..686D},
  adsnote = {Provided by the SAO/NASA Astrophysics Data System}
}



detailed studies at local with ALMA
@ARTICLE{Rangwala15a,
   author = {{Rangwala}, N. and {Maloney}, P.~R. and {Wilson}, C.~D. and
  {Glenn}, J. and {Kamenetzky}, J. and {Spinoglio}, L.},
    title = "{Morphology and Kinematics of Warm Molecular Gas in the Nuclear Region of Arp 220 as Revealed by ALMA}",
  journal = {\apj},
archivePrefix = "arXiv",
   eprint = {1504.01773},
 keywords = {galaxies: active, galaxies: ISM, galaxies: kinematics and dynamics, techniques: interferometric},
     year = 2015,
    month = jun,
   volume = 806,
      eid = {17},
    pages = {17},
      doi = {10.1088/0004-637X/806/1/17},
   adsurl = {http://adsabs.harvard.edu/abs/2015ApJ...806...17R},
  adsnote = {Provided by the SAO/NASA Astrophysics Data System}
}


@ARTICLE{Scoville15a,
   author = {{Scoville}, N. and {Sheth}, K. and {Walter}, F. and {Manohar}, S. and
  {Zschaechner}, L. and {Yun}, M. and {Koda}, J. and {Sanders}, D. and
  {Murchikova}, L. and {Thompson}, T. and {Robertson}, B. and
  {Genzel}, R. and {Hernquist}, L. and {Tacconi}, L. and {Brown}, R. and
  {Narayanan}, D. and {Hayward}, C.~C. and {Barnes}, J. and {Kartaltepe}, J. and
  {Davies}, R. and {van der Werf}, P. and {Fomalont}, E.},
    title = "{ALMA Imaging of HCN, CS, and Dust in Arp 220 and NGC 6240}",
  journal = {\apj},
archivePrefix = "arXiv",
   eprint = {1412.5183},
 keywords = {galaxies: individual: Arp 220 NGC 6240, galaxies: starburst},
     year = 2015,
    month = feb,
   volume = 800,
      eid = {70},
    pages = {70},
      doi = {10.1088/0004-637X/800/1/70},
   adsurl = {http://adsabs.harvard.edu/abs/2015ApJ...800...70S},
  adsnote = {Provided by the SAO/NASA Astrophysics Data System}
}

@ARTICLE{Greve14a,
   author = {{Greve}, T.~R. and {Leonidaki}, I. and {Xilouris}, E.~M. and
  {Wei{\ss}}, A. and {Zhang}, Z.-Y. and {van der Werf}, P. and
  {Aalto}, S. and {Armus}, L. and {D{\'{\i}}az-Santos}, T. and
  {Evans}, A.~S. and {Fischer}, J. and {Gao}, Y. and {Gonz{\'a}lez-Alfonso}, E. and
  {Harris}, A. and {Henkel}, C. and {Meijerink}, R. and {Naylor}, D.~A. and
  {Smith}, H.~A. and {Spaans}, M. and {Stacey}, G.~J. and {Veilleux}, S. and
  {Walter}, F.},
    title = "{Star Formation Relations and CO Spectral Line Energy Distributions across the J-ladder and Redshift}",
  journal = {\apj},
archivePrefix = "arXiv",
   eprint = {1407.4400},
 keywords = {galaxies: evolution, galaxies: formation, galaxies: ISM, galaxies: starburst, ISM: molecules},
     year = 2014,
    month = oct,
   volume = 794,
      eid = {142},
    pages = {142},
      doi = {10.1088/0004-637X/794/2/142},
   adsurl = {http://adsabs.harvard.edu/abs/2014ApJ...794..142G},
  adsnote = {Provided by the SAO/NASA Astrophysics Data System}
}



@ARTICLE{weiss05a,
   author = {{Wei{\ss}}, A. and {Downes}, D. and {Walter}, F. and {Henkel}, C.
  },
    title = "{Multiple CO lines in SMM J16359+6612 - further evidence for a merger}",
  journal = {\aap},
   eprint = {astro-ph/0508037},
 keywords = {galaxies: formation, galaxies: high-redshift, galaxies: ISM, galaxies: individual (SMM J16359+6612), cosmology: observations},
     year = 2005,
    month = sep,
   volume = 440,
    pages = {L45-L49},
      doi = {10.1051/0004-6361:200500166},
   adsurl = {http://adsabs.harvard.edu/abs/2005A%26A...440L..45W},
  adsnote = {Provided by the SAO/NASA Astrophysics Data System}
}


@ARTICLE{Weiss05b,
   author = {{Wei{\ss}}, A. and {Walter}, F. and {Scoville}, N.~Z.},
    title = "{The spectral energy distribution of CO lines in M 82}",
  journal = {\aap},
   eprint = {astro-ph/0504377},
 keywords = {ISM: molecules, galaxies: halos, galaxies: high-redshift, galaxies:, individual: M 82, galaxies: ISM, galaxies: starburst},
     year = 2005,
    month = aug,
   volume = 438,
    pages = {533-544},
      doi = {10.1051/0004-6361:20052667},
   adsurl = {http://adsabs.harvard.edu/abs/2005A%26A...438..533W},
  adsnote = {Provided by the SAO/NASA Astrophysics Data System}
}


@ARTICLE{Weiss07a,
   author = {{Wei{\ss}}, A. and {Downes}, D. and {Walter}, F. and {Henkel}, C.
  },
    title = "{CO Line SEDs of High-Redshift QSOs and Submm Galaxies}",
booktitle = {From Z-Machines to ALMA: (Sub)Millimeter Spectroscopy of Galaxies},
     year = 2007,
   series = {Astronomical Society of the Pacific Conference Series},
   volume = 375,
   editor = {{Baker}, A.~J. and {Glenn}, J. and {Harris}, A.~I. and {Mangum}, J.~G. and
  {Yun}, M.~S.},
    month = oct,
    pages = {25},
   adsurl = {http://adsabs.harvard.edu/abs/2007ASPC..375...25W},
  adsnote = {Provided by the SAO/NASA Astrophysics Data System}
}

@ARTICLE{Riechers06a,
   author = {{Riechers}, D.~A. and {Walter}, F. and {Carilli}, C.~L. and
  {Knudsen}, K.~K. and {Lo}, K.~Y. and {Benford}, D.~J. and {Staguhn}, J.~G. and
  {Hunter}, T.~R. and {Bertoldi}, F. and {Henkel}, C. and {Menten}, K.~M. and
  {Weiss}, A. and {Yun}, M.~S. and {Scoville}, N.~Z.},
    title = "{CO(1-0) in z $\gt$\~{} 4 Quasar Host Galaxies: No Evidence for Extended Molecular Gas Reservoirs}",
  journal = {\apj},
   eprint = {astro-ph/0606422},
 keywords = {Cosmology: Observations, Galaxies: Active, Galaxies: Formation, Galaxies: High-Redshift, Galaxies: ISM, Galaxies: Starburst},
     year = 2006,
    month = oct,
   volume = 650,
    pages = {604-613},
      doi = {10.1086/507014},
   adsurl = {http://adsabs.harvard.edu/abs/2006ApJ...650..604R},
  adsnote = {Provided by the SAO/NASA Astrophysics Data System}
}


@ARTICLE{Daddi15a,
   author = {{Daddi}, E. and {Dannerbauer}, H. and {Liu}, D. and {Aravena}, M. and
  {Bournaud}, F. and {Walter}, F. and {Riechers}, D. and {Magdis}, G. and
  {Sargent}, M. and {B{\'e}thermin}, M. and {Carilli}, C. and
  {Cibinel}, A. and {Dickinson}, M. and {Elbaz}, D. and {Gao}, Y. and
  {Gobat}, R. and {Hodge}, J. and {Krips}, M.},
    title = "{CO excitation of normal star-forming galaxies out to z = 1.5 as regulated by the properties of their interstellar medium}",
  journal = {\aap},
archivePrefix = "arXiv",
   eprint = {1409.8158},
 keywords = {galaxies: evolution, galaxies: high-redshift, galaxies: starburst, galaxies: star formation, submillimeter: galaxies},
     year = 2015,
    month = may,
   volume = 577,
      eid = {A46},
    pages = {A46},
      doi = {10.1051/0004-6361/201425043},
   adsurl = {http://adsabs.harvard.edu/abs/2015A%26A...577A..46D},
  adsnote = {Provided by the SAO/NASA Astrophysics Data System}
}

@ARTICLE{Aravena14a,
   author = {{Aravena}, M. and {Hodge}, J.~A. and {Wagg}, J. and {Carilli}, C.~L. and
  {Daddi}, E. and {Dannerbauer}, H. and {Lentati}, L. and {Riechers}, D.~A. and
  {Sargent}, M. and {Walter}, F.},
    title = "{CO(1-0) line imaging of massive star-forming disc galaxies at z=1.5-2.2}",
  journal = {\mnras},
archivePrefix = "arXiv",
   eprint = {1404.7393},
 keywords = {galaxies: evolution, galaxies: high-redshift, galaxies: ISM},
     year = 2014,
    month = jul,
   volume = 442,
    pages = {558-564},
      doi = {10.1093/mnras/stu838},
   adsurl = {http://adsabs.harvard.edu/abs/2014MNRAS.442..558A},
  adsnote = {Provided by the SAO/NASA Astrophysics Data System}
}



@ARTICLE{Reis14a,
   author = {{Reis}, R.~C. and {Reynolds}, M.~T. and {Miller}, J.~M. and
  {Walton}, D.~J.},
    title = "{Reflection from the strong gravity regime in a lensed quasar at redshift z = 0.658}",
  journal = {\nat},
archivePrefix = "arXiv",
   eprint = {1403.4973},
 primaryClass = "astro-ph.HE",
     year = 2014,
    month = mar,
   volume = 507,
    pages = {207-209},
      doi = {10.1038/nature13031},
   adsurl = {http://adsabs.harvard.edu/abs/2014Natur.507..207R},
  adsnote = {Provided by the SAO/NASA Astrophysics Data System}
}


@ARTICLE{Bothwell13a,
   author = {{Bothwell}, M.~S. and {Smail}, I. and {Chapman}, S.~C. and {Genzel}, R. and
  {Ivison}, R.~J. and {Tacconi}, L.~J. and {Alaghband-Zadeh}, S. and
  {Bertoldi}, F. and {Blain}, A.~W. and {Casey}, C.~M. and {Cox}, P. and
  {Greve}, T.~R. and {Lutz}, D. and {Neri}, R. and {Omont}, A. and
  {Swinbank}, A.~M.},
    title = "{A survey of molecular gas in luminous sub-millimetre galaxies}",
  journal = {\mnras},
archivePrefix = "arXiv",
   eprint = {1205.1511},
 keywords = {galaxies: evolution, galaxies: formation, galaxies: ISM, cosmology: observations},
     year = 2013,
    month = mar,
   volume = 429,
    pages = {3047-3067},
      doi = {10.1093/mnras/sts562},
   adsurl = {http://adsabs.harvard.edu/abs/2013MNRAS.429.3047B},
  adsnote = {Provided by the SAO/NASA Astrophysics Data System}
}


@ARTICLE{Tacconi06a,
   author = {{Tacconi}, L.~J. and {Neri}, R. and {Chapman}, S.~C. and {Genzel}, R. and
  {Smail}, I. and {Ivison}, R.~J. and {Bertoldi}, F. and {Blain}, A. and
  {Cox}, P. and {Greve}, T. and {Omont}, A.},
    title = "{High-Resolution Millimeter Imaging of Submillimeter Galaxies}",
  journal = {\apj},
   eprint = {astro-ph/0511319},
 keywords = {Cosmology: Observations, Galaxies: Evolution, Galaxies: Formation, Galaxies: High-Redshift, Galaxies: ISM},
     year = 2006,
    month = mar,
   volume = 640,
    pages = {228-240},
      doi = {10.1086/499933},
   adsurl = {http://adsabs.harvard.edu/abs/2006ApJ...640..228T},
  adsnote = {Provided by the SAO/NASA Astrophysics Data System}
}


model
@ARTICLE{Narayanan14a,
   author = {{Narayanan}, D. and {Krumholz}, M.~R.},
    title = "{A theory for the excitation of CO in star-forming galaxies}",
  journal = {\mnras},
archivePrefix = "arXiv",
   eprint = {1401.2998},
 keywords = {ISM: clouds, ISM: molecules, galaxies: interactions, galaxies: ISM, galaxies: starburst, galaxies: star formation},
     year = 2014,
    month = aug,
   volume = 442,
    pages = {1411-1428},
      doi = {10.1093/mnras/stu834},
   adsurl = {http://adsabs.harvard.edu/abs/2014MNRAS.442.1411N},
  adsnote = {Provided by the SAO/NASA Astrophysics Data System}
}

@ARTICLE{Narayanan10a,
   author = {{Narayanan}, D. and {Dey}, A. and {Hayward}, C.~C. and {Cox}, T.~J. and
  {Bussmann}, R.~S. and {Brodwin}, M. and {Jonsson}, P. and {Hopkins}, P.~F. and
  {Groves}, B. and {Younger}, J.~D. and {Hernquist}, L.},
    title = "{A physical model for z \~{} 2 dust-obscured galaxies}",
  journal = {\mnras},
archivePrefix = "arXiv",
   eprint = {0910.2234},
 keywords = {dust, extinction, galaxies: formation, galaxies: high-redshift, galaxies: ISM, galaxies: starburst, cosmology: theory},
     year = 2010,
    month = sep,
   volume = 407,
    pages = {1701-1720},
      doi = {10.1111/j.1365-2966.2010.16997.x},
   adsurl = {http://adsabs.harvard.edu/abs/2010MNRAS.407.1701N},
  adsnote = {Provided by the SAO/NASA Astrophysics Data System}
}


@ARTICLE{Beelen04a,
   author = {{Beelen}, A. and {Cox}, P. and {Pety}, J. and {Carilli}, C.~L. and
  {Bertoldi}, F. and {Momjian}, E. and {Omont}, A. and {Petitjean}, P. and
  {Petric}, A.~O.},
    title = "{Starburst activity in the host galaxy of the z =2.58 quasar J1409+5628}",
  journal = {\aap},
   eprint = {astro-ph/0404172},
 keywords = {Galaxy: formation, galaxies: starburst, galaxies: high-redshift, galaxies: quasars: emission lines, galaxies: quasars: individual: J140955.5+562827, cosmology: observations},
     year = 2004,
    month = aug,
   volume = 423,
    pages = {441-447},
      doi = {10.1051/0004-6361:20040318},
   adsurl = {http://adsabs.harvard.edu/abs/2004A%26A...423..441B},
  adsnote = {Provided by the SAO/NASA Astrophysics Data System}
}

@ARTICLE{Lagos11a,
   author = {{Lagos}, C.~D.~P. and {Baugh}, C.~M. and {Lacey}, C.~G. and
  {Benson}, A.~J. and {Kim}, H.-S. and {Power}, C.},
    title = "{Cosmic evolution of the atomic and molecular gas contents of galaxies}",
  journal = {\mnras},
archivePrefix = "arXiv",
   eprint = {1105.2294},
 keywords = {stars: formation, galaxies: evolution, galaxies: formation, galaxies: ISM},
     year = 2011,
    month = dec,
   volume = 418,
    pages = {1649-1667},
      doi = {10.1111/j.1365-2966.2011.19583.x},
   adsurl = {http://adsabs.harvard.edu/abs/2011MNRAS.418.1649L},
  adsnote = {Provided by the SAO/NASA Astrophysics Data System}
}


@ARTICLE{Popping12a,
   author = {{Popping}, G. and {Caputi}, K.~I. and {Somerville}, R.~S. and
  {Trager}, S.~C.},
    title = "{An indirect measurement of gas evolution in galaxies at 0.5 $\lt$ z $\lt$ 2.0}",
  journal = {\mnras},
archivePrefix = "arXiv",
   eprint = {1201.3826},
 keywords = {ISM: molecules, galaxies: evolution, galaxies: formation, galaxies: ISM },
     year = 2012,
    month = sep,
   volume = 425,
    pages = {2386-2400},
      doi = {10.1111/j.1365-2966.2012.21702.x},
   adsurl = {http://adsabs.harvard.edu/abs/2012MNRAS.425.2386P},
  adsnote = {Provided by the SAO/NASA Astrophysics Data System}
}

SF clumps
@ARTICLE{Swinbank12a,
   author = {{Swinbank}, A.~M. and {Smail}, I. and {Sobral}, D. and {Theuns}, T. and
  {Best}, P.~N. and {Geach}, J.~E.},
    title = "{The Properties of the Star-forming Interstellar Medium at z = 0.8-2.2 from HiZELS: Star Formation and Clump Scaling Laws in Gas-rich, Turbulent Disks}",
  journal = {\apj},
archivePrefix = "arXiv",
   eprint = {1209.1396},
 primaryClass = "astro-ph.CO",
 keywords = {galaxies: evolution, galaxies: high-redshift, galaxies: starburst},
     year = 2012,
    month = dec,
   volume = 760,
      eid = {130},
    pages = {130},
      doi = {10.1088/0004-637X/760/2/130},
   adsurl = {http://adsabs.harvard.edu/abs/2012ApJ...760..130S},
  adsnote = {Provided by the SAO/NASA Astrophysics Data System}
}


SF clumps
@ARTICLE{Swinbank12b,
   author = {{Swinbank}, A.~M. and {Sobral}, D. and {Smail}, I. and {Geach}, J.~E. and
  {Best}, P.~N. and {McCarthy}, I.~G. and {Crain}, R.~A. and {Theuns}, T.
  },
    title = "{The properties of the star-forming interstellar medium at z = 0.84-2.23 from HiZELS: mapping the internal dynamics and metallicity gradients in high-redshift disc galaxies}",
  journal = {\mnras},
archivePrefix = "arXiv",
   eprint = {1209.1395},
 primaryClass = "astro-ph.CO",
 keywords = {galaxies: evolution, galaxies: formation, galaxies: high-redshift},
     year = 2012,
    month = oct,
   volume = 426,
    pages = {935-950},
      doi = {10.1111/j.1365-2966.2012.21774.x},
   adsurl = {http://adsabs.harvard.edu/abs/2012MNRAS.426..935S},
  adsnote = {Provided by the SAO/NASA Astrophysics Data System}
}

@ARTICLE{Engel10a,
   author = {{Engel}, H. and {Tacconi}, L.~J. and {Davies}, R.~I. and {Neri}, R. and
  {Smail}, I. and {Chapman}, S.~C. and {Genzel}, R. and {Cox}, P. and
  {Greve}, T.~R. and {Ivison}, R.~J. and {Blain}, A. and {Bertoldi}, F. and
  {Omont}, A.},
    title = "{Most Submillimeter Galaxies are Major Mergers}",
  journal = {\apj},
 keywords = {cosmology: observations, galaxies: evolution, galaxies: formation, galaxies: high-redshift, galaxies: kinematics and dynamics},
     year = 2010,
    month = nov,
   volume = 724,
    pages = {233-243},
      doi = {10.1088/0004-637X/724/1/233},
   adsurl = {http://adsabs.harvard.edu/abs/2010ApJ...724..233E},
  adsnote = {Provided by the SAO/NASA Astrophysics Data System}
}

@ARTICLE{Bothwell10a,
   author = {{Bothwell}, M.~S. and {Chapman}, S.~C. and {Tacconi}, L. and
  {Smail}, I. and {Ivison}, R.~J. and {Casey}, C.~M. and {Bertoldi}, F. and
  {Beswick}, R. and {Biggs}, A. and {Blain}, A.~W. and {Cox}, P. and
  {Genzel}, R. and {Greve}, T.~R. and {Kennicutt}, R. and {Muxlow}, T. and
  {Neri}, R. and {Omont}, A.},
    title = "{High-resolution CO and radio imaging of ULIRGs: extended CO structures and implications for the universal star formation law}",
  journal = {\mnras},
archivePrefix = "arXiv",
   eprint = {0912.1598},
 keywords = {galaxies: evolution, galaxies: formation, galaxies: ISM, cosmology: observations},
     year = 2010,
    month = jun,
   volume = 405,
    pages = {219-233},
      doi = {10.1111/j.1365-2966.2010.16480.x},
   adsurl = {http://adsabs.harvard.edu/abs/2010MNRAS.405..219B},
  adsnote = {Provided by the SAO/NASA Astrophysics Data System}
}

@ARTICLE{Casey14a,
   author = {{Casey}, C.~M. and {Narayanan}, D. and {Cooray}, A.},
    title = "{Dusty star-forming galaxies at high redshift}",
  journal = {\physrep},
archivePrefix = "arXiv",
   eprint = {1402.1456},
     year = 2014,
    month = aug,
   volume = 541,
    pages = {45-161},
      doi = {10.1016/j.physrep.2014.02.009},
   adsurl = {http://adsabs.harvard.edu/abs/2014PhR...541...45C},
  adsnote = {Provided by the SAO/NASA Astrophysics Data System}
}


SF modes
@ARTICLE{Sargent12a,
   author = {{Sargent}, M.~T. and {B{\'e}thermin}, M. and {Daddi}, E. and
  {Elbaz}, D.},
    title = "{The Contribution of Starbursts and Normal Galaxies to Infrared Luminosity Functions at z $\lt$ 2}",
  journal = {\apjl},
archivePrefix = "arXiv",
   eprint = {1202.0290},
 keywords = {cosmology: observations, galaxies: evolution, galaxies: luminosity function, mass function, galaxies: starburst, surveys},
     year = 2012,
    month = mar,
   volume = 747,
      eid = {L31},
    pages = {L31},
      doi = {10.1088/2041-8205/747/2/L31},
   adsurl = {http://adsabs.harvard.edu/abs/2012ApJ...747L..31S},
  adsnote = {Provided by the SAO/NASA Astrophysics Data System}
}

clump scale
@ARTICLE{Genzel11a,
   author = {{Genzel}, R. and {Newman}, S. and {Jones}, T. and {F{\"o}rster Schreiber}, N.~M. and
  {Shapiro}, K. and {Genel}, S. and {Lilly}, S.~J. and {Renzini}, A. and
  {Tacconi}, L.~J. and {Bouch{\'e}}, N. and {Burkert}, A. and
  {Cresci}, G. and {Buschkamp}, P. and {Carollo}, C.~M. and {Ceverino}, D. and
  {Davies}, R. and {Dekel}, A. and {Eisenhauer}, F. and {Hicks}, E. and
  {Kurk}, J. and {Lutz}, D. and {Mancini}, C. and {Naab}, T. and
  {Peng}, Y. and {Sternberg}, A. and {Vergani}, D. and {Zamorani}, G.
  },
    title = "{The Sins Survey of z \~{} 2 Galaxy Kinematics: Properties of the Giant Star-forming Clumps}",
  journal = {\apj},
archivePrefix = "arXiv",
   eprint = {1011.5360},
 keywords = {cosmology: observations, galaxies: evolution, galaxies: high-redshift, infrared: galaxies},
     year = 2011,
    month = jun,
   volume = 733,
      eid = {101},
    pages = {101},
      doi = {10.1088/0004-637X/733/2/101},
   adsurl = {http://adsabs.harvard.edu/abs/2011ApJ...733..101G},
  adsnote = {Provided by the SAO/NASA Astrophysics Data System}
}


@ARTICLE{Newman13a,
   author = {{Newman}, S.~F. and {Genzel}, R. and {F{\"o}rster Schreiber}, N.~M. and
  {Shapiro Griffin}, K. and {Mancini}, C. and {Lilly}, S.~J. and
  {Renzini}, A. and {Bouch{\'e}}, N. and {Burkert}, A. and {Buschkamp}, P. and
  {Carollo}, C.~M. and {Cresci}, G. and {Davies}, R. and {Eisenhauer}, F. and
  {Genel}, S. and {Hicks}, E.~K.~S. and {Kurk}, J. and {Lutz}, D. and
  {Naab}, T. and {Peng}, Y. and {Sternberg}, A. and {Tacconi}, L.~J. and
  {Wuyts}, S. and {Zamorani}, G. and {Vergani}, D.},
    title = "{The SINS/zC-SINF Survey of z \~{} 2Galaxy Kinematics: The Nature of Dispersion-dominated Galaxies}",
  journal = {\apj},
archivePrefix = "arXiv",
   eprint = {1211.6160},
 keywords = {galaxies: evolution, galaxies: high-redshift, infrared: galaxies},
     year = 2013,
    month = apr,
   volume = 767,
      eid = {104},
    pages = {104},
      doi = {10.1088/0004-637X/767/2/104},
   adsurl = {http://adsabs.harvard.edu/abs/2013ApJ...767..104N},
  adsnote = {Provided by the SAO/NASA Astrophysics Data System}
}


@ARTICLE{Genzel14a,
   author = {{Genzel}, R. and {F{\"o}rster Schreiber}, N.~M. and {Lang}, P. and
  {Tacchella}, S. and {Tacconi}, L.~J. and {Wuyts}, S. and {Bandara}, K. and
  {Burkert}, A. and {Buschkamp}, P. and {Carollo}, C.~M. and {Cresci}, G. and
  {Davies}, R. and {Eisenhauer}, F. and {Hicks}, E.~K.~S. and
  {Kurk}, J. and {Lilly}, S.~J. and {Lutz}, D. and {Mancini}, C. and
  {Naab}, T. and {Newman}, S. and {Peng}, Y. and {Renzini}, A. and
  {Shapiro Griffin}, K. and {Sternberg}, A. and {Vergani}, D. and
  {Wisnioski}, E. and {Wuyts}, E. and {Zamorani}, G.},
    title = "{The SINS/zC-SINF Survey of z \~{} 2 Galaxy Kinematics: Evidence for Gravitational Quenching}",
  journal = {\apj},
archivePrefix = "arXiv",
   eprint = {1310.3838},
 keywords = {cosmology: observations, galaxies: evolution, galaxies: high-redshift, infrared: galaxies},
     year = 2014,
    month = apr,
   volume = 785,
      eid = {75},
    pages = {75},
      doi = {10.1088/0004-637X/785/1/75},
   adsurl = {http://adsabs.harvard.edu/abs/2014ApJ...785...75G},
  adsnote = {Provided by the SAO/NASA Astrophysics Data System}
}
