Merger and stages
@ARTICLE{Larson16a,
   author = {{Larson}, K.~L. and {Sanders}, D.~B. and {Barnes}, J.~E. and
  {Ishida}, C.~M. and {Evans}, A.~S. and {U}, V. and {Mazzarella}, J.~M. and
  {Kim}, D.-C. and {Privon}, G.~C. and {Mirabel}, I.~F. and {Flewelling}, H.~A.
  },
    title = "{Morphology and Molecular Gas Fractions of Local Luminous Infrared Galaxies as a Function of Infrared Luminosity and Merger Stage}",
  journal = {ArXiv e-prints},
archivePrefix = "arXiv",
   eprint = {1605.05417},
 keywords = {Astrophysics - Astrophysics of Galaxies, Astrophysics - Cosmology and Nongalactic Astrophysics},
     year = 2016,
    month = may,
   adsurl = {http://adsabs.harvard.edu/abs/2016arXiv160505417L},
  adsnote = {Provided by the SAO/NASA Astrophysics Data System}
}
merger and IR
@ARTICLE{Carpineti15a,
   author = {{Carpineti}, A. and {Kaviraj}, S. and {Hyde}, A.~K. and {Clements}, D.~L. and
  {Schawinski}, K. and {Darg}, D. and {Lintott}, C.~J.},
    title = "{An infrared study of local galaxy mergers}",
  journal = {\aap},
archivePrefix = "arXiv",
   eprint = {1503.07877},
 keywords = {galaxies: evolution, galaxies: interactions, galaxies: spiral, infrared: galaxies},
     year = 2015,
    month = may,
   volume = 577,
      eid = {A119},
    pages = {A119},
      doi = {10.1051/0004-6361/201425276},
   adsurl = {http://adsabs.harvard.edu/abs/2015A%26A...577A.119C},
  adsnote = {Provided by the SAO/NASA Astrophysics Data System}
}


arctangent, TF relation
@ARTICLE{Miller11a,
   author = {{Miller}, S.~H. and {Bundy}, K. and {Sullivan}, M. and {Ellis}, R.~S. and
  {Treu}, T.},
    title = "{The Assembly History of Disk Galaxies. I. The Tully-Fisher Relation to z \~{}= 1.3 from Deep Exposures with DEIMOS}",
  journal = {\apj},
archivePrefix = "arXiv",
   eprint = {1102.3911},
 primaryClass = "astro-ph.CO",
 keywords = {galaxies: evolution, galaxies: fundamental parameters, galaxies: kinematics and dynamics, galaxies: spiral},
     year = 2011,
    month = nov,
   volume = 741,
      eid = {115},
    pages = {115},
      doi = {10.1088/0004-637X/741/2/115},
   adsurl = {http://adsabs.harvard.edu/abs/2011ApJ...741..115M},
  adsnote = {Provided by the SAO/NASA Astrophysics Data System}
}

arctang
@ARTICLE{Courteau97a,
   author = {{Courteau}, S.},
    title = "{Optical Rotation Curves and Linewidths for Tully-Fisher Applications}",
  journal = {\aj},
   eprint = {astro-ph/9709201},
 keywords = {GALAXIES: SPIRAL, GALAXIES: KINEMATICS AND DYNAMICS, LOCAL GROUP, GALAXIES: FUNDAMENTAL PARAMETERS},
     year = 1997,
    month = dec,
   volume = 114,
    pages = {2402},
      doi = {10.1086/118656},
   adsurl = {http://adsabs.harvard.edu/abs/1997AJ....114.2402C},
  adsnote = {Provided by the SAO/NASA Astrophysics Data System}
}

TF, arctangent
@ARTICLE{Puech08a,
   author = {{Puech}, M. and {Flores}, H. and {Hammer}, F. and {Yang}, Y. and
  {Neichel}, B. and {Lehnert}, M. and {Chemin}, L. and {Nesvadba}, N. and
  {Epinat}, B. and {Amram}, P. and {Balkowski}, C. and {Cesarsky}, C. and
  {Dannerbauer}, H. and {di Serego Alighieri}, S. and {Fuentes-Carrera}, I. and
  {Guiderdoni}, B. and {Kembhavi}, A. and {Liang}, Y.~C. and {{\"O}stlin}, G. and
  {Pozzetti}, L. and {Ravikumar}, C.~D. and {Rawat}, A. and {Vergani}, D. and
  {Vernet}, J. and {Wozniak}, H.},
    title = "{IMAGES. III. The evolution of the near-infrared Tully-Fisher relation over the last 6 Gyr}",
  journal = {\aap},
archivePrefix = "arXiv",
   eprint = {0803.3002},
 keywords = {galaxies: evolution, galaxies: kinematics and dynamics, galaxies: high-redshift, galaxies: general, galaxies:, interactions, galaxies: spiral},
     year = 2008,
    month = jun,
   volume = 484,
    pages = {173-187},
      doi = {10.1051/0004-6361:20079313},
   adsurl = {http://adsabs.harvard.edu/abs/2008A%26A...484..173P},
  adsnote = {Provided by the SAO/NASA Astrophysics Data System}
}

uvmcmcfit
@ARTICLE{Bussmann15a,
   author = {{Bussmann}, R.~S. and {Riechers}, D. and {Fialkov}, A. and {Scudder}, J. and
  {Hayward}, C.~C. and {Cowley}, W.~I. and {Bock}, J. and {Calanog}, J. and
  {Chapman}, S.~C. and {Cooray}, A. and {De Bernardis}, F. and
  {Farrah}, D. and {Fu}, H. and {Gavazzi}, R. and {Hopwood}, R. and
  {Ivison}, R.~J. and {Jarvis}, M. and {Lacey}, C. and {Loeb}, A. and
  {Oliver}, S.~J. and {P{\'e}rez-Fournon}, I. and {Rigopoulou}, D. and
  {Roseboom}, I.~G. and {Scott}, D. and {Smith}, A.~J. and {Vieira}, J.~D. and
  {Wang}, L. and {Wardlow}, J.},
    title = "{HerMES: ALMA Imaging of Herschel-selected Dusty Star-forming Galaxies}",
  journal = {\apj},
archivePrefix = "arXiv",
   eprint = {1504.05256},
 keywords = {galaxies: evolution, submillimeter: galaxies, techniques: interferometric},
     year = 2015,
    month = oct,
   volume = 812,
      eid = {43},
    pages = {43},
      doi = {10.1088/0004-637X/812/1/43},
   adsurl = {http://adsabs.harvard.edu/abs/2015ApJ...812...43B},
  adsnote = {Provided by the SAO/NASA Astrophysics Data System}
}

@misc{uvmcmcfit15a,
  title={uvmcmcfit},
  url={http://dx.doi.org/10.5281/zenodo.27357},
  DOI={10.5281/zenodo.27357},
  publisher={Zenodo},
  author={Shane Bussmann and Tsz Kuk Daisy Leung and Alex Conley},
  year={2015}
}

WMAP9
@ARTICLE{Hinshaw13a,
   author = {{Hinshaw}, G. and {Larson}, D. and {Komatsu}, E. and {Spergel}, D.~N. and
  {Bennett}, C.~L. and {Dunkley}, J. and {Nolta}, M.~R. and {Halpern}, M. and
  {Hill}, R.~S. and {Odegard}, N. and {Page}, L. and {Smith}, K.~M. and
  {Weiland}, J.~L. and {Gold}, B. and {Jarosik}, N. and {Kogut}, A. and
  {Limon}, M. and {Meyer}, S.~S. and {Tucker}, G.~S. and {Wollack}, E. and
  {Wright}, E.~L.},
    title = "{Nine-year Wilkinson Microwave Anisotropy Probe (WMAP) Observations: Cosmological Parameter Results}",
  journal = {\apjs},
archivePrefix = "arXiv",
   eprint = {1212.5226},
 keywords = {cosmic background radiation, cosmology: observations, dark matter, early universe, instrumentation: detectors, space vehicles, space vehicles: instruments, telescopes },
     year = 2013,
    month = oct,
   volume = 208,
      eid = {19},
    pages = {19},
      doi = {10.1088/0067-0049/208/2/19},
   adsurl = {http://adsabs.harvard.edu/abs/2013ApJS..208...19H},
  adsnote = {Provided by the SAO/NASA Astrophysics Data System}
}


NVSS
@ARTICLE{Condon98a,
   author = {{Condon}, J.~J. and {Cotton}, W.~D. and {Greisen}, E.~W. and
  {Yin}, Q.~F. and {Perley}, R.~A. and {Taylor}, G.~B. and {Broderick}, J.~J.
  },
    title = "{The NRAO VLA Sky Survey}",
  journal = {\aj},
 keywords = {CATALOGS, METHODS: DATA ANALYSIS, METHODS: OBSERVATIONAL, RADIO CONTINUUM, SURVEYS},
     year = 1998,
    month = may,
   volume = 115,
    pages = {1693-1716},
      doi = {10.1086/300337},
   adsurl = {http://adsabs.harvard.edu/abs/1998AJ....115.1693C},
  adsnote = {Provided by the SAO/NASA Astrophysics Data System}
}

IRAS
@ARTICLE{Neugebauer84a,
   author = {{Neugebauer}, G. and {Habing}, H.~J. and {van Duinen}, R. and
  {Aumann}, H.~H. and {Baud}, B. and {Beichman}, C.~A. and {Beintema}, D.~A. and
  {Boggess}, N. and {Clegg}, P.~E. and {de Jong}, T. and {Emerson}, J.~P. and
  {Gautier}, T.~N. and {Gillett}, F.~C. and {Harris}, S. and {Hauser}, M.~G. and
  {Houck}, J.~R. and {Jennings}, R.~E. and {Low}, F.~J. and {Marsden}, P.~L. and
  {Miley}, G. and {Olnon}, F.~M. and {Pottasch}, S.~R. and {Raimond}, E. and
  {Rowan-Robinson}, M. and {Soifer}, B.~T. and {Walker}, R.~G. and
  {Wesselius}, P.~R. and {Young}, E.},
    title = "{The Infrared Astronomical Satellite (IRAS) mission}",
  journal = {\apjl},
 keywords = {Infrared Astronomy Satellite, Satellite-Borne Instruments, Spaceborne Astronomy, Calibrating, Cryogenic Cooling, Data Reduction, Focal Plane Devices, Infrared Telescopes, Spaceborne Telescopes},
     year = 1984,
    month = mar,
   volume = 278,
    pages = {L1-L6},
      doi = {10.1086/184209},
   adsurl = {http://adsabs.harvard.edu/abs/1984ApJ...278L...1N},
  adsnote = {Provided by the SAO/NASA Astrophysics Data System}
}


2MASS
@ARTICLE{Skrutskie06a,
   author = {{Skrutskie}, M.~F. and {Cutri}, R.~M. and {Stiening}, R. and
  {Weinberg}, M.~D. and {Schneider}, S. and {Carpenter}, J.~M. and
  {Beichman}, C. and {Capps}, R. and {Chester}, T. and {Elias}, J. and
  {Huchra}, J. and {Liebert}, J. and {Lonsdale}, C. and {Monet}, D.~G. and
  {Price}, S. and {Seitzer}, P. and {Jarrett}, T. and {Kirkpatrick}, J.~D. and
  {Gizis}, J.~E. and {Howard}, E. and {Evans}, T. and {Fowler}, J. and
  {Fullmer}, L. and {Hurt}, R. and {Light}, R. and {Kopan}, E.~L. and
  {Marsh}, K.~A. and {McCallon}, H.~L. and {Tam}, R. and {Van Dyk}, S. and
  {Wheelock}, S.},
    title = "{The Two Micron All Sky Survey (2MASS)}",
  journal = {\aj},
 keywords = {Catalogs, Infrared: General, Surveys},
     year = 2006,
    month = feb,
   volume = 131,
    pages = {1163-1183},
      doi = {10.1086/498708},
   adsurl = {http://adsabs.harvard.edu/abs/2006AJ....131.1163S},
  adsnote = {Provided by the SAO/NASA Astrophysics Data System}
}

WISE
@ARTICLE{Wright10a,
   author = {{Wright}, E.~L. and {Eisenhardt}, P.~R.~M. and {Mainzer}, A.~K. and
  {Ressler}, M.~E. and {Cutri}, R.~M. and {Jarrett}, T. and {Kirkpatrick}, J.~D. and
  {Padgett}, D. and {McMillan}, R.~S. and {Skrutskie}, M. and
  {Stanford}, S.~A. and {Cohen}, M. and {Walker}, R.~G. and {Mather}, J.~C. and
  {Leisawitz}, D. and {Gautier}, III, T.~N. and {McLean}, I. and
  {Benford}, D. and {Lonsdale}, C.~J. and {Blain}, A. and {Mendez}, B. and
  {Irace}, W.~R. and {Duval}, V. and {Liu}, F. and {Royer}, D. and
  {Heinrichsen}, I. and {Howard}, J. and {Shannon}, M. and {Kendall}, M. and
  {Walsh}, A.~L. and {Larsen}, M. and {Cardon}, J.~G. and {Schick}, S. and
  {Schwalm}, M. and {Abid}, M. and {Fabinsky}, B. and {Naes}, L. and
  {Tsai}, C.-W.},
    title = "{The Wide-field Infrared Survey Explorer (WISE): Mission Description and Initial On-orbit Performance}",
  journal = {\aj},
archivePrefix = "arXiv",
   eprint = {1008.0031},
 primaryClass = "astro-ph.IM",
 keywords = {infrared: general, space vehicles, surveys},
     year = 2010,
    month = dec,
   volume = 140,
      eid = {1868-1881},
    pages = {1868-1881},
      doi = {10.1088/0004-6256/140/6/1868},
   adsurl = {http://adsabs.harvard.edu/abs/2010AJ....140.1868W},
  adsnote = {Provided by the SAO/NASA Astrophysics Data System}
}

Spitzer
@ARTICLE{Werner04Aa,
   author = {{Werner}, M.~W. and {Roellig}, T.~L. and {Low}, F.~J. and {Rieke}, G.~H. and
  {Rieke}, M. and {Hoffmann}, W.~F. and {Young}, E. and {Houck}, J.~R. and
  {Brandl}, B. and {Fazio}, G.~G. and {Hora}, J.~L. and {Gehrz}, R.~D. and
  {Helou}, G. and {Soifer}, B.~T. and {Stauffer}, J. and {Keene}, J. and
  {Eisenhardt}, P. and {Gallagher}, D. and {Gautier}, T.~N. and
  {Irace}, W. and {Lawrence}, C.~R. and {Simmons}, L. and {Van Cleve}, J.~E. and
  {Jura}, M. and {Wright}, E.~L. and {Cruikshank}, D.~P.},
    title = "{The Spitzer Space Telescope Mission}",
  journal = {\apjs},
   eprint = {astro-ph/0406223},
 keywords = {Space Vehicles: Instruments, Telescopes},
     year = 2004,
    month = sep,
   volume = 154,
    pages = {1-9},
      doi = {10.1086/422992},
   adsurl = {http://adsabs.harvard.edu/abs/2004ApJS..154....1W},
  adsnote = {Provided by the SAO/NASA Astrophysics Data System}
}

MIPS
@ARTICLE{Rieke04a,
   author = {{Rieke}, G.~H. and {Young}, E.~T. and {Engelbracht}, C.~W. and
  {Kelly}, D.~M. and {Low}, F.~J. and {Haller}, E.~E. and {Beeman}, J.~W. and
  {Gordon}, K.~D. and {Stansberry}, J.~A. and {Misselt}, K.~A. and
  {Cadien}, J. and {Morrison}, J.~E. and {Rivlis}, G. and {Latter}, W.~B. and
  {Noriega-Crespo}, A. and {Padgett}, D.~L. and {Stapelfeldt}, K.~R. and
  {Hines}, D.~C. and {Egami}, E. and {Muzerolle}, J. and {Alonso-Herrero}, A. and
  {Blaylock}, M. and {Dole}, H. and {Hinz}, J.~L. and {Le Floc'h}, E. and
  {Papovich}, C. and {P{\'e}rez-Gonz{\'a}lez}, P.~G. and {Smith}, P.~S. and
  {Su}, K.~Y.~L. and {Bennett}, L. and {Frayer}, D.~T. and {Henderson}, D. and
  {Lu}, N. and {Masci}, F. and {Pesenson}, M. and {Rebull}, L. and
  {Rho}, J. and {Keene}, J. and {Stolovy}, S. and {Wachter}, S. and
  {Wheaton}, W. and {Werner}, M.~W. and {Richards}, P.~L.},
    title = "{The Multiband Imaging Photometer for Spitzer (MIPS)}",
  journal = {\apjs},
 keywords = {Infrared: General, Space Vehicles: Instruments},
     year = 2004,
    month = sep,
   volume = 154,
    pages = {25-29},
      doi = {10.1086/422717},
   adsurl = {http://adsabs.harvard.edu/abs/2004ApJS..154...25R},
  adsnote = {Provided by the SAO/NASA Astrophysics Data System}
}

IRAC
@ARTICLE{Fazio04a,
   author = {{Fazio}, G.~G. and {Hora}, J.~L. and {Allen}, L.~E. and {Ashby}, M.~L.~N. and
  {Barmby}, P. and {Deutsch}, L.~K. and {Huang}, J.-S. and {Kleiner}, S. and
  {Marengo}, M. and {Megeath}, S.~T. and {Melnick}, G.~J. and
  {Pahre}, M.~A. and {Patten}, B.~M. and {Polizotti}, J. and {Smith}, H.~A. and
  {Taylor}, R.~S. and {Wang}, Z. and {Willner}, S.~P. and {Hoffmann}, W.~F. and
  {Pipher}, J.~L. and {Forrest}, W.~J. and {McMurty}, C.~W. and
  {McCreight}, C.~R. and {McKelvey}, M.~E. and {McMurray}, R.~E. and
  {Koch}, D.~G. and {Moseley}, S.~H. and {Arendt}, R.~G. and {Mentzell}, J.~E. and
  {Marx}, C.~T. and {Losch}, P. and {Mayman}, P. and {Eichhorn}, W. and
  {Krebs}, D. and {Jhabvala}, M. and {Gezari}, D.~Y. and {Fixsen}, D.~J. and
  {Flores}, J. and {Shakoorzadeh}, K. and {Jungo}, R. and {Hakun}, C. and
  {Workman}, L. and {Karpati}, G. and {Kichak}, R. and {Whitley}, R. and
  {Mann}, S. and {Tollestrup}, E.~V. and {Eisenhardt}, P. and
  {Stern}, D. and {Gorjian}, V. and {Bhattacharya}, B. and {Carey}, S. and
  {Nelson}, B.~O. and {Glaccum}, W.~J. and {Lacy}, M. and {Lowrance}, P.~J. and
  {Laine}, S. and {Reach}, W.~T. and {Stauffer}, J.~A. and {Surace}, J.~A. and
  {Wilson}, G. and {Wright}, E.~L. and {Hoffman}, A. and {Domingo}, G. and
  {Cohen}, M.},
    title = "{The Infrared Array Camera (IRAC) for the Spitzer Space Telescope}",
  journal = {\apjs},
   eprint = {astro-ph/0405616},
 keywords = {Infrared: General, Instrumentation: Detectors, Space Vehicles: Instruments},
     year = 2004,
    month = sep,
   volume = 154,
    pages = {10-17},
      doi = {10.1086/422843},
   adsurl = {http://adsabs.harvard.edu/abs/2004ApJS..154...10F},
  adsnote = {Provided by the SAO/NASA Astrophysics Data System}
}


Herschel pipline
@INPROCEEDINGS{Ott10a,
   author = {{Ott}, S.},
    title = "{The Herschel Data Processing System {\mdash} HIPE and Pipelines {\mdash} Up and Running Since the Start of the Mission}",
booktitle = {Astronomical Data Analysis Software and Systems XIX},
     year = 2010,
   series = {Astronomical Society of the Pacific Conference Series},
   volume = 434,
archivePrefix = "arXiv",
   eprint = {1011.1209},
 primaryClass = "astro-ph.IM",
   editor = {{Mizumoto}, Y. and {Morita}, K.-I. and {Ohishi}, M.},
    month = dec,
    pages = {139},
   adsurl = {http://adsabs.harvard.edu/abs/2010ASPC..434..139O},
  adsnote = {Provided by the SAO/NASA Astrophysics Data System}
}


@ARTICLE{SK,
   author = {{Kennicutt}, Jr., R.~C.},
    title = "{The Global Schmidt Law in Star-forming Galaxies}",
  journal = {\apj},
   eprint = {astro-ph/9712213},
 keywords = {GALAXIES: EVOLUTION, GALAXIES: ISM, GALAXIES: SPIRAL, GALAXIES: STELLAR CONTENT, GALAXIES: STARBURST, STARS: FORMATION, Galaxies: Evolution, Galaxies: ISM, Galaxies: Spiral, Galaxies: Starburst, Galaxies: Stellar Content, Stars: Formation},
     year = 1998,
    month = may,
   volume = 498,
    pages = {541-552},
      doi = {10.1086/305588},
   adsurl = {http://adsabs.harvard.edu/abs/1998ApJ...498..541K},
  adsnote = {Provided by the SAO/NASA Astrophysics Data System}
}

SK model
@ARTICLE{KT07a,
   author = {{Krumholz}, M.~R. and {Thompson}, T.~A.},
    title = "{The Relationship between Molecular Gas Tracers and Kennicutt-Schmidt Laws}",
  journal = {\apj},
archivePrefix = "arXiv",
   eprint = {0704.0792},
 keywords = {Galaxies: ISM, ISM: Clouds, ISM: Molecules, Radio Lines: ISM, Stars: Formation},
     year = 2007,
    month = nov,
   volume = 669,
    pages = {289-298},
      doi = {10.1086/521642},
   adsurl = {http://adsabs.harvard.edu/abs/2007ApJ...669..289K},
  adsnote = {Provided by the SAO/NASA Astrophysics Data System}
}


vib line
@ARTICLE{Imanishi13a,
   author = {{Imanishi}, M. and {Nakanishi}, K.},
    title = "{ALMA Detection of the Vibrationally Excited HCN J = 4-3 Emission Line in the AGN-hosting Luminous Infrared Galaxy IRAS 20551-4250}",
  journal = {\aj},
archivePrefix = "arXiv",
   eprint = {1308.4414},
 keywords = {galaxies: active, galaxies: nuclei, quasars: general, galaxies: Seyfert, galaxies: starburst, submillimeter: galaxies},
     year = 2013,
    month = oct,
   volume = 146,
      eid = {91},
    pages = {91},
      doi = {10.1088/0004-6256/146/4/91},
   adsurl = {http://adsabs.harvard.edu/abs/2013AJ....146...91I},
  adsnote = {Provided by the SAO/NASA Astrophysics Data System}
}

IR pumping, vib line
@ARTICLE{Sakamoto10a,
   author = {{Sakamoto}, K. and {Aalto}, S. and {Evans}, A.~S. and {Wiedner}, M.~C. and
  {Wilner}, D.~J.},
    title = "{Vibrationally Excited HCN in the Luminous Infrared Galaxy NGC 4418}",
  journal = {\apjl},
archivePrefix = "arXiv",
   eprint = {1011.6449},
 primaryClass = "astro-ph.CO",
 keywords = {galaxies: active, galaxies: individual: NGC 4418, galaxies: ISM},
     year = 2010,
    month = dec,
   volume = 725,
    pages = {L228-L233},
      doi = {10.1088/2041-8205/725/2/L228},
   adsurl = {http://adsabs.harvard.edu/abs/2010ApJ...725L.228S},
  adsnote = {Provided by the SAO/NASA Astrophysics Data System}
}


# velocity integrated line ratio HCN / HCO+ (1-0)
@ARTICLE{Imanishi07,
   author = {{Imanishi}, M. and {Nakanishi}, K. and {Tamura}, Y. and {Oi}, N. and
    {Kohno}, K.},
    title = "{Millimeter Interferometric HCN(1-0) and HCO$^{+}$(1-0) Observations of Luminous Infrared Galaxies}",
  journal = {\aj},
archivePrefix = "arXiv",
   eprint = {0709.1713},
 keywords = {galaxies: active, galaxies: individual: Arp 220: Markarian 231: IRAS 08572+3915: VV 114: He 2{\ndash}10, galaxies: ISM, galaxies: nuclei, radio lines: galaxies},
     year = 2007,
    month = dec,
   volume = 134,
    pages = {2366-2384},
      doi = {10.1086/523598},
   adsurl = {http://adsabs.harvard.edu/abs/2007AJ....134.2366I},
  adsnote = {Provided by the SAO/NASA Astrophysics Data System}
}

@ARTICLE{Imanishi14a,
   author = {{Imanishi}, M. and {Nakanishi}, K.},
    title = "{ALMA Observations of Nearby Luminous Infrared Galaxies with Various AGN Energetic Contributions Using Dense Gas Tracers}",
  journal = {\aj},
archivePrefix = "arXiv",
   eprint = {1404.6597},
 keywords = {galaxies: active, galaxies: nuclei, galaxies: Seyfert, galaxies: starburst, quasars: general, submillimeter: galaxies},
     year = 2014,
    month = jul,
   volume = 148,
      eid = {9},
    pages = {9},
      doi = {10.1088/0004-6256/148/1/9},
   adsurl = {http://adsabs.harvard.edu/abs/2014AJ....148....9I},
  adsnote = {Provided by the SAO/NASA Astrophysics Data System}
}


# HCN and HCO+ ratio
@ARTICLE{Imanishi10,
   author = {{Imanishi}, M. and {Nakanishi}, K. and {Yamada}, M. and {Tamura}, Y. and
  {Kohno}, K.},
    title = "{ASTE Simultaneous HCN (4-3) and HCO$^{+}$(4-3) Observations of the Two Luminous Infrared Galaxies NGC 4418 and Arp 220}",
  journal = {\pasj},
archivePrefix = "arXiv",
   eprint = {1001.0582},
 keywords = {galaxies: active, galaxies: individual (NGC 4418, Arp 220), galaxies: ISM, galaxies: nuclei, radio lines: galaxies},
     year = 2010,
    month = feb,
   volume = 62,
    pages = {201-},
      doi = {10.1093/pasj/62.1.201},
   adsurl = {http://adsabs.harvard.edu/abs/2010PASJ...62..201I},
  adsnote = {Provided by the SAO/NASA Astrophysics Data System}
}

AGN enhance HCN/HCO+ 3-2
@ARTICLE{Imanishi16a,
   author = {{Imanishi}, M. and {Nakanishi}, K. and {Izumi}, T.},
    title = "{ALMA 0.1-0.2 arcsec resolution imaging of the NGC 1068 nucleus - compact dense molecular gas emission at the putative AGN location}",
  journal = {ArXiv e-prints},
archivePrefix = "arXiv",
   eprint = {1604.03953},
 keywords = {Astrophysics - Astrophysics of Galaxies},
     year = 2016,
    month = apr,
   adsurl = {http://adsabs.harvard.edu/abs/2016arXiv160403953I},
  adsnote = {Provided by the SAO/NASA Astrophysics Data System}
}


@ARTICLE{Kohno01a,
   author = {{Kohno}, K. and {Matsushita}, S. and {Vila-Vilar{\'o}}, B. and
  {Okumura}, S.~K. and {Shibatsuka}, T. and {Okiura}, M. and {Ishizuki}, S. and
  {Kawabe}, R.},
    title = "{Dense Molecular Gas and Star Formation in Nearby Seyfert Galaxies}",
     year = 2001,
   series = {Astronomical Society of the Pacific Conference Series},
   journal = {\aipconf},
   volume = 249,
   eprint = {astro-ph/0206398},
    pages = {672},
   adsurl = {http://adsabs.harvard.edu/abs/2001ASPC..249..672K},
  adsnote = {Provided by the SAO/NASA Astrophysics Data System}
}

@ARTICLE{Kohno05a,
   author = {{Kohno}, K.},
    title = "{Prevalence of Compact Nuclear Starbursts in Nearby Seyfert Galaxies}",
 keywords = {Seyfert galaxies, galactic nuclei, interferometry, infrared spectroscopy, Starburst galaxies and infrared excess galaxies, Active and peculiar galaxies and related systems, Galactic nuclei circumnuclear matter and bulges},
     year = 2005,
   series = {American Institute of Physics Conference Series},
   journal = {\aipconf},
   volume = 783,
   eprint = {astro-ph/0508420},
    month = aug,
    pages = {203-208},
      doi = {10.1063/1.2034987},
   adsurl = {http://adsabs.harvard.edu/abs/2005AIPC..783..203K},
  adsnote = {Provided by the SAO/NASA Astrophysics Data System}
}


# HCN/ HCO+ line ratio indicator
@ARTICLE{Costagliola11a,
   author = {{Costagliola}, F. and {Aalto}, S. and {Rodriguez}, M.~I. and
  {Muller}, S. and {Spoon}, H.~W.~W. and {Mart{\'{\i}}n}, S. and
  {Per{\'e}z-Torres}, M.~A. and {Alberdi}, A. and {Lindberg}, J.~E. and
  {Batejat}, F. and {J{\"u}tte}, E. and {van der Werf}, P. and
  {Lahuis}, F.},
    title = "{Molecules as tracers of galaxy evolution: an EMIR survey. I. Presentation of the data and first results}",
  journal = {\aap},
archivePrefix = "arXiv",
   eprint = {1101.2122},
 keywords = {evolution, ISM: molecules, galaxies: evolution, galaxies: ISM, galaxies: active},
     year = 2011,
    month = apr,
   volume = 528,
      eid = {A30},
    pages = {A30},
      doi = {10.1051/0004-6361/201015628},
   adsurl = {http://adsabs.harvard.edu/abs/2011A%26A...528A..30C},
  adsnote = {Provided by the SAO/NASA Astrophysics Data System}
}

HCN enhancement shock
@ARTICLE{Martin15a,
   author = {{Mart{\'{\i}}n}, S. and {Kohno}, K. and {Izumi}, T. and {Krips}, M. and
  {Meier}, D.~S. and {Aladro}, R. and {Matsushita}, S. and {Takano}, S. and
  {Turner}, J.~L. and {Espada}, D. and {Nakajima}, T. and {Terashima}, Y. and
  {Fathi}, K. and {Hsieh}, P.-Y. and {Imanishi}, M. and {Lundgren}, A. and
  {Nakai}, N. and {Schinnerer}, E. and {Sheth}, K. and {Wiklind}, T.
  },
    title = "{Multimolecule ALMA observations toward the Seyfert 1 galaxy NGC 1097}",
  journal = {\aap},
archivePrefix = "arXiv",
   eprint = {1410.2823},
 keywords = {astrochemistry, ISM: abundances, ISM: molecules, galaxies: ISM},
     year = 2015,
    month = jan,
   volume = 573,
      eid = {A116},
    pages = {A116},
      doi = {10.1051/0004-6361/201425105},
   adsurl = {http://adsabs.harvard.edu/abs/2015A%26A...573A.116M},
  adsnote = {Provided by the SAO/NASA Astrophysics Data System}
}

HCN 4-3/HCO+ 4-3 line ratio
@ARTICLE{Greve09a,
   author = {{Greve}, T.~R. and {Papadopoulos}, P.~P. and {Gao}, Y. and {Radford}, S.~J.~E.
  },
    title = "{Molecular Gas in Extreme Star-Forming Environments: The Starbursts Arp 220 and NGC 6240 as Case Studies}",
  journal = {\apj},
   eprint = {astro-ph/0610378},
 keywords = {galaxies: individual: Arp 220 NGC 6240, galaxies: starburst, ISM: molecules},
     year = 2009,
    month = feb,
   volume = 692,
    pages = {1432-1446},
      doi = {10.1088/0004-637X/692/2/1432},
   adsurl = {http://adsabs.harvard.edu/abs/2009ApJ...692.1432G},
  adsnote = {Provided by the SAO/NASA Astrophysics Data System}
}

line ratio diagnostic HCN and HCO+ (4-3) between AGN and SB
@ARTICLE{Izumi13a,
   author = {{Izumi}, T. and {Kohno}, K. and {Mart{\'{\i}}n}, S. and {Espada}, D. and
  {Harada}, N. and {Matsushita}, S. and {Hsieh}, P.-Y. and {Turner}, J.~L. and
  {Meier}, D.~S. and {Schinnerer}, E. and {Imanishi}, M. and {Tamura}, Y. and
  {Curran}, M.~T. and {Doi}, A. and {Fathi}, K. and {Krips}, M. and
  {Lundgren}, A.~A. and {Nakai}, N. and {Nakajima}, T. and {Regan}, M.~W. and
  {Sheth}, K. and {Takano}, S. and {Taniguchi}, A. and {Terashima}, Y. and
  {Tosaki}, T. and {Wiklind}, T.},
    title = "{Submillimeter ALMA Observations of the Dense Gas in the Low-Luminosity Type-1 Active Nucleus of NGC 1097}",
  journal = {\pasj},
archivePrefix = "arXiv",
   eprint = {1306.0507},
 keywords = {galaxies: active, galaxies: individual (NGC 1097), galaxies: ISM, galaxies: Seyfert},
     year = 2013,
    month = oct,
   volume = 65,
      doi = {10.1093/pasj/65.5.100},
   adsurl = {http://adsabs.harvard.edu/abs/2013PASJ...65..100I},
  adsnote = {Provided by the SAO/NASA Astrophysics Data System}
}

@ARTICLE{Izumi16a,
   author = {{Izumi}, T. and {Kohno}, K. and {Aalto}, S. and {Espada}, D. and
  {Fathi}, K. and {Harada}, N. and {Hatsukade}, B. and {Hsieh}, P.-Y. and
  {Imanishi}, M. and {Krips}, M. and {Mart{\'{\i}}n}, S. and {Matsushita}, S. and
  {Meier}, D.~S. and {Nakai}, N. and {Nakanishi}, K. and {Schinnerer}, E. and
  {Sheth}, K. and {Terashima}, Y. and {Turner}, J.~L.},
    title = "{Submillimeter-HCN Diagram for Energy Diagnostics in the Centers of Galaxies}",
  journal = {\apj},
archivePrefix = "arXiv",
   eprint = {1512.03438},
 keywords = {galaxies: active, galaxies: ISM, ISM: molecules},
     year = 2016,
    month = feb,
   volume = 818,
      eid = {42},
    pages = {42},
      doi = {10.3847/0004-637X/818/1/42},
   adsurl = {http://adsabs.harvard.edu/abs/2016ApJ...818...42I},
  adsnote = {Provided by the SAO/NASA Astrophysics Data System}
}


@ARTICLE{Aalto07a,
   author = {{Aalto}, S.},
    title = "{Molecular gas properties in interacting and merging galaxies}",
  journal = {\nar},
     year = 2007,
    month = feb,
   volume = 51,
    pages = {52-57},
      doi = {10.1016/j.newar.2006.11.010},
   adsurl = {http://adsabs.harvard.edu/abs/2007NewAR..51...52A},
  adsnote = {Provided by the SAO/NASA Astrophysics Data System}
}


# 8 orders of mag
@ARTICLE{Wu05,
   author = {{Wu}, J. and {Evans}, II, N.~J. and {Gao}, Y. and {Solomon}, P.~M. and
  {Shirley}, Y.~L. and {Vanden Bout}, P.~A.},
    title = "{Connecting Dense Gas Tracers of Star Formation in our Galaxy to High-z Star Formation}",
  journal = {\apjl},
   eprint = {astro-ph/0511424},
 keywords = {ISM: Molecules, Stars: Formation},
     year = 2005,
    month = dec,
   volume = 635,
    pages = {L173-L176},
      doi = {10.1086/499623},
   adsurl = {http://adsabs.harvard.edu/abs/2005ApJ...635L.173W},
  adsnote = {Provided by the SAO/NASA Astrophysics Data System}
}

high-z dense gas
@ARTICLE{Gao07a,
   author = {{Gao}, Y. and {Carilli}, C.~L. and {Solomon}, P.~M. and {Vanden Bout}, P.~A.
  },
    title = "{HCN Observations of Dense Star-forming Gas in High-Redshift Galaxies}",
  journal = {\apjl},
   eprint = {astro-ph/0703548},
 keywords = {Galaxies: Formation, Galaxies: High-Redshift, Galaxies: ISM, Galaxies: Starburst, Infrared: Galaxies, ISM: Molecules},
     year = 2007,
    month = may,
   volume = 660,
    pages = {L93-L96},
      doi = {10.1086/518244},
   adsurl = {http://adsabs.harvard.edu/abs/2007ApJ...660L..93G},
  adsnote = {Provided by the SAO/NASA Astrophysics Data System}
}

dense gas high-z
@ARTICLE{Carilli05a,
   author = {{Carilli}, C.~L. and {Solomon}, P. and {Vanden Bout}, P. and
  {Walter}, F. and {Beelen}, A. and {Cox}, P. and {Bertoldi}, F. and
  {Menten}, K.~M. and {Isaak}, K.~G. and {Chandler}, C.~J. and
  {Omont}, A.},
    title = "{A Search for Dense Molecular Gas in High-Redshift Infrared-Luminous Galaxies}",
  journal = {\apj},
   eprint = {astro-ph/0409054},
 keywords = {Galaxies: Active, Galaxies: Formation, Galaxies: High-Redshift, Galaxies: ISM, Galaxies: Starburst, Infrared: Galaxies},
     year = 2005,
    month = jan,
   volume = 618,
    pages = {586-591},
      doi = {10.1086/426014},
   adsurl = {http://adsabs.harvard.edu/abs/2005ApJ...618..586C},
  adsnote = {Provided by the SAO/NASA Astrophysics Data System}
}

Question HCN tracing dense gas in (U)LIRGs
@ARTICLE{GC06a,
   author = {{Graci{\'a}-Carpio}, J. and {Garc{\'{\i}}a-Burillo}, S. and
  {Planesas}, P. and {Colina}, L.},
    title = "{Is HCN a True Tracer of Dense Molecular Gas in Luminous and Ultraluminous Infrared Galaxies?}",
  journal = {\apjl},
   eprint = {astro-ph/0602339},
 keywords = {Galaxies: Active, Galaxies: ISM, Galaxies: Starburst, Infrared: Galaxies, ISM: Molecules, Radio Lines: Galaxies},
     year = 2006,
    month = apr,
   volume = 640,
    pages = {L135-L138},
      doi = {10.1086/503361},
   adsurl = {http://adsabs.harvard.edu/abs/2006ApJ...640L.135G},
  adsnote = {Provided by the SAO/NASA Astrophysics Data System}
}

APM detected HCO+ 5-4
@ARTICLE{GC06b,
   author = {{Garc{\'{\i}}a-Burillo}, S. and {Graci{\'a}-Carpio}, J. and
  {Gu{\'e}lin}, M. and {Neri}, R. and {Cox}, P. and {Planesas}, P. and
  {Solomon}, P.~M. and {Tacconi}, L.~J. and {Vanden Bout}, P.~A.
  },
    title = "{A New Probe of Dense Gas at High Redshift: Detection of HCO$^{+}$ (5-4) Line Emission in APM 08279+5255}",
  journal = {\apjl},
   eprint = {astro-ph/0605656},
 keywords = {Galaxies: Active, Galaxies: High-Redshift, Galaxies: ISM, Galaxies: Starburst, ISM: Molecules, Radio Lines: Galaxies},
     year = 2006,
    month = jul,
   volume = 645,
    pages = {L17-L20},
      doi = {10.1086/506204},
   adsurl = {http://adsabs.harvard.edu/abs/2006ApJ...645L..17G},
  adsnote = {Provided by the SAO/NASA Astrophysics Data System}
}

APM detected HCN 5-4
@ARTICLE{Wagg05a,
   author = {{Wagg}, J. and {Wilner}, D.~J. and {Neri}, R. and {Downes}, D. and
  {Wiklind}, T.},
    title = "{HCN J = 5-4 Emission in APM 08279+5255 at z = 3.91}",
  journal = {\apjl},
   eprint = {astro-ph/0510542},
 keywords = {Galaxies: Active, Galaxies: High-Redshift, Galaxies: ISM, Galaxies: Quasars: Emission Lines, Galaxies: Quasars: Individual: Alphanumeric: APM 08279+5255},
     year = 2005,
    month = nov,
   volume = 634,
    pages = {L13-L16},
      doi = {10.1086/498849},
   adsurl = {http://adsabs.harvard.edu/abs/2005ApJ...634L..13W},
  adsnote = {Provided by the SAO/NASA Astrophysics Data System}
}



# low z CO
@ARTICLE{Downes98a,
   author = {{Downes}, D. and {Solomon}, P.~M.},
    title = "{Rotating Nuclear Rings and Extreme Starbursts in Ultraluminous Galaxies}",
  journal = {\apj},
   eprint = {astro-ph/9806377},
 keywords = {GALAXIES: ISM, GALAXIES: KINEMATICS AND DYNAMICS, GALAXIES: NUCLEI, RADIO LINES: GALAXIES, Galaxies: ISM, Galaxies: Kinematics and Dynamics, Galaxies: Nuclei, Radio Lines: Galaxies},
     year = 1998,
    month = nov,
   volume = 507,
    pages = {615-654},
      doi = {10.1086/306339},
   adsurl = {http://adsabs.harvard.edu/abs/1998ApJ...507..615D},
  adsnote = {Provided by the SAO/NASA Astrophysics Data System}
}

# high z CO
@ARTICLE{CW13,
   author = {{Carilli}, C.~L. and {Walter}, F.},
    title = "{Cool Gas in High-Redshift Galaxies}",
  journal = {\araa},
archivePrefix = "arXiv",
   eprint = {1301.0371},
     year = 2013,
    month = aug,
   volume = 51,
    pages = {105-161},
      doi = {10.1146/annurev-astro-082812-140953},
   adsurl = {http://adsabs.harvard.edu/abs/2013ARA%26A..51..105C},
  adsnote = {Provided by the SAO/NASA Astrophysics Data System}
}


# RXJ1131
@ARTICLE{Sluse03a,
   author = {{Sluse}, D. and {Surdej}, J. and {Claeskens}, J.-F. and {Hutsem{\'e}kers}, D. and
  {Jean}, C. and {Courbin}, F. and {Nakos}, T. and {Billeres}, M. and
  {Khmil}, S.~V.},
    title = "{A quadruply imaged quasar with an optical Einstein ring candidate: 1RXS J113155.4-123155}",
  journal = {\aap},
   eprint = {astro-ph/0307345},
 keywords = {gravitational lens, quasar, cosmology},
     year = 2003,
    month = jul,
   volume = 406,
    pages = {L43-L46},
      doi = {10.1051/0004-6361:20030904},
   adsurl = {http://adsabs.harvard.edu/abs/2003A%26A...406L..43S},
  adsnote = {Provided by the SAO/NASA Astrophysics Data System}
}

@ARTICLE{Claeskens06a,
   author = {{Claeskens}, J.-F. and {Sluse}, D. and {Riaud}, P. and {Surdej}, J.
  },
    title = "{Multi wavelength study of the gravitational lens system RXS J1131-1231.  II. Lens model and source reconstruction}",
  journal = {\aap},
   eprint = {astro-ph/0602309},
 keywords = {gravitational lensing, galaxies: evolution, galaxies: Seyfert, quasars: individual: RXS J1131-1231},
     year = 2006,
    month = jun,
   volume = 451,
    pages = {865-879},
      doi = {10.1051/0004-6361:20054352},
   adsurl = {http://adsabs.harvard.edu/abs/2006A%26A...451..865C},
  adsnote = {Provided by the SAO/NASA Astrophysics Data System}
}


@ARTICLE{Brewer08a,
   author = {{Brewer}, B.~J. and {Lewis}, G.~F.},
    title = "{Unlensing HST observations of the Einstein ring 1RXS J1131-1231: a Bayesian analysis}",
  journal = {\mnras},
archivePrefix = "arXiv",
   eprint = {0807.2145},
 keywords = {gravitational lensing , methods: statistical , galaxies: structure},
     year = 2008,
    month = oct,
   volume = 390,
    pages = {39-48},
      doi = {10.1111/j.1365-2966.2008.13715.x},
   adsurl = {http://adsabs.harvard.edu/abs/2008MNRAS.390...39B},
  adsnote = {Provided by the SAO/NASA Astrophysics Data System}
}

# Cosmic SFH
@ARTICLE{LeFloch05a,
   author = {{Le Floc'h}, E. and {Papovich}, C. and {Dole}, H. and {Bell}, E.~F. and
  {Lagache}, G. and {Rieke}, G.~H. and {Egami}, E. and {P{\'e}rez-Gonz{\'a}lez}, P.~G. and
  {Alonso-Herrero}, A. and {Rieke}, M.~J. and {Blaylock}, M. and
  {Engelbracht}, C.~W. and {Gordon}, K.~D. and {Hines}, D.~C. and
  {Misselt}, K.~A. and {Morrison}, J.~E. and {Mould}, J.},
    title = "{Infrared Luminosity Functions from the Chandra Deep Field-South: The Spitzer View on the History of Dusty Star Formation at 0 $\lt$\~{} z $\lt$\~{} 1}",
  journal = {\apj},
   eprint = {astro-ph/0506462},
 keywords = {Cosmology: Observations, Galaxies: Evolution, Galaxies: High-Redshift, Infrared: Galaxies},
     year = 2005,
    month = oct,
   volume = 632,
    pages = {169-190},
      doi = {10.1086/432789},
   adsurl = {http://adsabs.harvard.edu/abs/2005ApJ...632..169L},
  adsnote = {Provided by the SAO/NASA Astrophysics Data System}
}

# high z limited
@ARTICLE{Carilli05a,
   author = {{Carilli}, C.~L. and {Solomon}, P. and {Vanden Bout}, P. and
  {Walter}, F. and {Beelen}, A. and {Cox}, P. and {Bertoldi}, F. and
  {Menten}, K.~M. and {Isaak}, K.~G. and {Chandler}, C.~J. and
  {Omont}, A.},
    title = "{A Search for Dense Molecular Gas in High-Redshift Infrared-Luminous Galaxies}",
  journal = {\apj},
   eprint = {astro-ph/0409054},
 keywords = {Galaxies: Active, Galaxies: Formation, Galaxies: High-Redshift, Galaxies: ISM, Galaxies: Starburst, Infrared: Galaxies},
     year = 2005,
    month = jan,
   volume = 618,
    pages = {586-591},
      doi = {10.1086/426014},
   adsurl = {http://adsabs.harvard.edu/abs/2005ApJ...618..586C},
  adsnote = {Provided by the SAO/NASA Astrophysics Data System}
}

# local HCN
@ARTICLE{Gao04a,
   author = {{Gao}, Y. and {Solomon}, P.~M.},
    title = "{The Star Formation Rate and Dense Molecular Gas in Galaxies}",
  journal = {\apj},
   eprint = {astro-ph/0310339},
 keywords = {Galaxies: ISM, Galaxies: Starburst, Infrared: Galaxies, ISM: Molecules, Radio Lines: Galaxies},
     year = 2004,
    month = may,
   volume = 606,
    pages = {271-290},
      doi = {10.1086/382999},
   adsurl = {http://adsabs.harvard.edu/abs/2004ApJ...606..271G},
  adsnote = {Provided by the SAO/NASA Astrophysics Data System}
}

# local HCN (3-2)
@ARTICLE{Bussmann08a,
   author = {{Bussmann}, R.~S. and {Narayanan}, D. and {Shirley}, Y.~L. and
  {Juneau}, S. and {Wu}, J. and {Solomon}, P.~M. and {Vanden Bout}, P.~A. and
  {Moustakas}, J. and {Walker}, C.~K.},
    title = "{The Star Formation Rate-Dense Gas Relation in Galaxies as Measured by HCN(3-2) Emission}",
  journal = {\apjl},
archivePrefix = "arXiv",
   eprint = {0805.4419},
 keywords = {Galaxies: Evolution, Galaxies: ISM, Submillimeter},
     year = 2008,
    month = jul,
   volume = 681,
    pages = {L73-L76},
      doi = {10.1086/590181},
   adsurl = {http://adsabs.harvard.edu/abs/2008ApJ...681L..73B},
  adsnote = {Provided by the SAO/NASA Astrophysics Data System}
}


@ARTICLE{Krips08a,
   author = {{Krips}, M. and {Neri}, R. and {Garc{\'{\i}}a-Burillo}, S. and
  {Mart{\'{\i}}n}, S. and {Combes}, F. and {Graci{\'a}-Carpio}, J. and
  {Eckart}, A.},
    title = "{A Multi-transition HCN and HCO$^{+}$ Study of 12 Nearby Active Galaxies: Active Galactic Nucleus versus Starburst Environments}",
  journal = {\apj},
archivePrefix = "arXiv",
   eprint = {0712.0319},
 keywords = {Galaxies: Active, galaxies: individual (Arp 220), Galaxies: Individual: Messier Number: M82, galaxies: individual (Markarian 231), galaxies: individual (NGC 1068), galaxies: individual (NGC 2140), galaxies: individual (NGC 3627), galaxies: individual (NGC 4569), galaxies: individual (NGC 4826), galaxies: individual (NGC 5194), galaxies: individual (NGC 6240), galaxies: individual (NGC 6946), galaxies: individual (NGC 6951), Galaxies: ISM, Radio Lines: Galaxies},
     year = 2008,
    month = apr,
   volume = 677,
    pages = {262-275},
      doi = {10.1086/527367},
   adsurl = {http://adsabs.harvard.edu/abs/2008ApJ...677..262K},
  adsnote = {Provided by the SAO/NASA Astrophysics Data System}
}

HCN (4-3) - HCN(1-0)
@ARTICLE{Papadopoulos07a,
   author = {{Papadopoulos}, P.~P.},
    title = "{HCN versus HCO$^{+}$ as Dense Molecular Gas Mass Tracers in Luminous Infrared Galaxies}",
  journal = {\apj},
   eprint = {astro-ph/0610477},
 keywords = {Galaxies: Active, Galaxies: ISM, Galaxies: Starburst, ISM: Molecules},
     year = 2007,
    month = feb,
   volume = 656,
    pages = {792-797},
      doi = {10.1086/510186},
   adsurl = {http://adsabs.harvard.edu/abs/2007ApJ...656..792P},
  adsnote = {Provided by the SAO/NASA Astrophysics Data System}
}

GMC density, high J dense gas, theoretical grounds
@ARTICLE{KM05,
   author = {{Krumholz}, M.~R. and {McKee}, C.~F.},
    title = "{A General Theory of Turbulence-regulated Star Formation, from Spirals to Ultraluminous Infrared Galaxies}",
  journal = {\apj},
   eprint = {astro-ph/0505177},
 keywords = {Galaxies: ISM, Hydrodynamics, ISM: Clouds, ISM: Kinematics and Dynamics, Stars: Formation, Turbulence},
     year = 2005,
    month = sep,
   volume = 630,
    pages = {250-268},
      doi = {10.1086/431734},
   adsurl = {http://adsabs.harvard.edu/abs/2005ApJ...630..250K},
  adsnote = {Provided by the SAO/NASA Astrophysics Data System}
}


dense gas as immediate fuel for SF in turbulent GMCs
@ARTICLE{Shirley03a,
   author = {{Shirley}, Y.~L. and {Evans}, II, N.~J. and {Young}, K.~E. and
  {Knez}, C. and {Jaffe}, D.~T.},
    title = "{A CS J=5--$\gt$4 Mapping Survey Toward High-Mass Star-forming Cores Associated with Water Masers}",
  journal = {\apjs},
   eprint = {astro-ph/0308310},
 keywords = {ISM: Dust, Extinction, ISM: Clouds, ISM: Molecules, Stars: Formation},
     year = 2003,
    month = dec,
   volume = 149,
    pages = {375-403},
      doi = {10.1086/379147},
   adsurl = {http://adsabs.harvard.edu/abs/2003ApJS..149..375S},
  adsnote = {Provided by the SAO/NASA Astrophysics Data System}
}

linear correlation between HCN(4-3) and LIR, slightly super-linear slope for HCO+(4-3)-LIR
@ARTICLE{Zhang14a,
   author = {{Zhang}, Z.-Y. and {Gao}, Y. and {Henkel}, C. and {Zhao}, Y. and
  {Wang}, J. and {Menten}, K.~M. and {G{\"u}sten}, R.},
    title = "{Dense Gas Tracers and Star Formation Laws in Active Galaxies: APEX Survey of HCN J = 4 {\rarr} 3, HCO$^{+}$ J = 4 {\rarr} 3, and CS J = 7 {\rarr} 6}",
  journal = {\apjl},
archivePrefix = "arXiv",
   eprint = {1402.1039},
 keywords = {galaxies: evolution, galaxies: ISM, infrared: galaxies, ISM: molecules, radio lines: galaxies},
     year = 2014,
    month = apr,
   volume = 784,
      eid = {L31},
    pages = {L31},
      doi = {10.1088/2041-8205/784/2/L31},
   adsurl = {http://adsabs.harvard.edu/abs/2014ApJ...784L..31Z},
  adsnote = {Provided by the SAO/NASA Astrophysics Data System}
}


enhanced HCN(1-0)-LIR in LIRGS relative to normal, as in high-z gal.
@ARTICLE{GC08a,
   author = {{Graci{\'a}-Carpio}, J. and {Garc{\'{\i}}a-Burillo}, S. and
  {Planesas}, P. and {Fuente}, A. and {Usero}, A.},
    title = "{Evidence of enhanced star formation efficiency in luminous and ultraluminous infrared galaxies}",
  journal = {\aap},
archivePrefix = "arXiv",
   eprint = {0712.0582},
 keywords = {galaxies: evolution, galaxies: ISM, galaxies: starburst, infrared: galaxies, ISM: molecules, radio lines: galaxies},
     year = 2008,
    month = mar,
   volume = 479,
    pages = {703-717},
      doi = {10.1051/0004-6361:20078223},
   adsurl = {http://adsabs.harvard.edu/abs/2008A%26A...479..703G},
  adsnote = {Provided by the SAO/NASA Astrophysics Data System}
}

HCN HCO+ 4-3in NGC1068
@ARTICLE{GC14a,
   author = {{Garc{\'{\i}}a-Burillo}, S. and {Combes}, F. and {Usero}, A. and
  {Aalto}, S. and {Krips}, M. and {Viti}, S. and {Alonso-Herrero}, A. and
  {Hunt}, L.~K. and {Schinnerer}, E. and {Baker}, A.~J. and {Boone}, F. and
  {Casasola}, V. and {Colina}, L. and {Costagliola}, F. and {Eckart}, A. and
  {Fuente}, A. and {Henkel}, C. and {Labiano}, A. and {Mart{\'{\i}}n}, S. and
  {M{\'a}rquez}, I. and {Muller}, S. and {Planesas}, P. and {Ramos Almeida}, C. and
  {Spaans}, M. and {Tacconi}, L.~J. and {van der Werf}, P.~P.},
    title = "{Molecular line emission in NGC 1068 imaged with ALMA. I. An AGN-driven outflow in the dense molecular gas}",
  journal = {\aap},
archivePrefix = "arXiv",
   eprint = {1405.7706},
 keywords = {galaxies: individual: NGC 1068, galaxies: ISM, galaxies: kinematics and dynamics, galaxies: nuclei, galaxies: Seyfert, radio lines: galaxies},
     year = 2014,
    month = jul,
   volume = 567,
      eid = {A125},
    pages = {A125},
      doi = {10.1051/0004-6361/201423843},
   adsurl = {http://adsabs.harvard.edu/abs/2014A%26A...567A.125G},
  adsnote = {Provided by the SAO/NASA Astrophysics Data System}
}

@ARTICLE{Juneau09a,
   author = {{Juneau}, S. and {Narayanan}, D.~T. and {Moustakas}, J. and
  {Shirley}, Y.~L. and {Bussmann}, R.~S. and {Kennicutt}, Jr., R.~C. and
  {Vanden Bout}, P.~A.},
    title = "{Enhanced Dense Gas Fraction in Ultraluminous Infrared Galaxies}",
  journal = {\apj},
archivePrefix = "arXiv",
   eprint = {0911.0413},
 keywords = {galaxies: evolution, galaxies: fundamental parameters, galaxies: ISM, infrared: galaxies, radio lines: galaxies, submillimeter},
     year = 2009,
    month = dec,
   volume = 707,
      eid = {1217-1232},
    pages = {1217-1232},
      doi = {10.1088/0004-637X/707/2/1217},
   adsurl = {http://adsabs.harvard.edu/abs/2009ApJ...707.1217J},
  adsnote = {Provided by the SAO/NASA Astrophysics Data System}
}


CO SLED in ULIRGs and AGN
@ARTICLE{Papadopoulos10a,
   author = {{Papadopoulos}, P.~P. and {van der Werf}, P. and {Isaak}, K. and
  {Xilouris}, E.~M.},
    title = "{CO Spectral Line Energy Distributions of Infrared-Luminous Galaxies and Active Galactic Nuclei}",
  journal = {\apj},
archivePrefix = "arXiv",
   eprint = {1003.5889},
 keywords = {galaxies: individual: Arp 220 PG 1119+120 3C 293, galaxies: starburst, ISM: molecules},
     year = 2010,
    month = jun,
   volume = 715,
    pages = {775-792},
      doi = {10.1088/0004-637X/715/2/775},
   adsurl = {http://adsabs.harvard.edu/abs/2010ApJ...715..775P},
  adsnote = {Provided by the SAO/NASA Astrophysics Data System}
}

Mrk 231 high-J CO
@ARTICLE{Papadopoulos07b,
   author = {{Papadopoulos}, P.~P. and {Isaak}, K.~G. and {van der Werf}, P.~P.
  },
    title = "{First CO J = 6-5 and J = 4-3 Detections in Local ULIRGs: The Dense Gas in Markarian 231 and Its Cooling Budget}",
  journal = {\apj},
archivePrefix = "arXiv",
   eprint = {0706.0811},
 keywords = {galaxies: individual (Mrk 231), Galaxies: ISM, Galaxies: Starburst, ISM: Molecules},
     year = 2007,
    month = oct,
   volume = 668,
    pages = {815-825},
      doi = {10.1086/520671},
   adsurl = {http://adsabs.harvard.edu/abs/2007ApJ...668..815P},
  adsnote = {Provided by the SAO/NASA Astrophysics Data System}
}


CO SLED
@ARTICLE{Papadopoulos12a,
   author = {{Papadopoulos}, P.~P. and {van der Werf}, P.~P. and {Xilouris}, E.~M. and
  {Isaak}, K.~G. and {Gao}, Y. and {M{\"u}hle}, S.},
    title = "{The molecular gas in luminous infrared galaxies - I. CO lines, extreme physical conditions and their drivers}",
  journal = {\mnras},
archivePrefix = "arXiv",
   eprint = {1109.4176},
 keywords = {cosmic rays, ISM: molecules, galaxies: ISM, galaxies: starburst, infrared: galaxies, radio lines: ISM},
     year = 2012,
    month = nov,
   volume = 426,
    pages = {2601-2629},
      doi = {10.1111/j.1365-2966.2012.21001.x},
   adsurl = {http://adsabs.harvard.edu/abs/2012MNRAS.426.2601P},
  adsnote = {Provided by the SAO/NASA Astrophysics Data System}
}


SF clumps
@ARTICLE{Swinbank12a,
   author = {{Swinbank}, A.~M. and {Smail}, I. and {Sobral}, D. and {Theuns}, T. and
  {Best}, P.~N. and {Geach}, J.~E.},
    title = "{The Properties of the Star-forming Interstellar Medium at z = 0.8-2.2 from HiZELS: Star Formation and Clump Scaling Laws in Gas-rich, Turbulent Disks}",
  journal = {\apj},
archivePrefix = "arXiv",
   eprint = {1209.1396},
 primaryClass = "astro-ph.CO",
 keywords = {galaxies: evolution, galaxies: high-redshift, galaxies: starburst},
     year = 2012,
    month = dec,
   volume = 760,
      eid = {130},
    pages = {130},
      doi = {10.1088/0004-637X/760/2/130},
   adsurl = {http://adsabs.harvard.edu/abs/2012ApJ...760..130S},
  adsnote = {Provided by the SAO/NASA Astrophysics Data System}
}


SF clumps
@ARTICLE{Swinbank12b,
   author = {{Swinbank}, A.~M. and {Sobral}, D. and {Smail}, I. and {Geach}, J.~E. and
  {Best}, P.~N. and {McCarthy}, I.~G. and {Crain}, R.~A. and {Theuns}, T.
  },
    title = "{The properties of the star-forming interstellar medium at z = 0.84-2.23 from HiZELS: mapping the internal dynamics and metallicity gradients in high-redshift disc galaxies}",
  journal = {\mnras},
archivePrefix = "arXiv",
   eprint = {1209.1395},
 primaryClass = "astro-ph.CO",
 keywords = {galaxies: evolution, galaxies: formation, galaxies: high-redshift},
     year = 2012,
    month = oct,
   volume = 426,
    pages = {935-950},
      doi = {10.1111/j.1365-2966.2012.21774.x},
   adsurl = {http://adsabs.harvard.edu/abs/2012MNRAS.426..935S},
  adsnote = {Provided by the SAO/NASA Astrophysics Data System}
}

HCN in Arp 220, NGC 4418, Mrk 231: IR pumping or XDR
@ARTICLE{Aalto07a,
   author = {{Aalto}, S. and {Spaans}, M. and {Wiedner}, M.~C. and {H{\"u}ttemeister}, S.
  },
    title = "{Overluminous HNC line emission in Arp 220, NGC 4418 and Mrk 231. Global IR pumping or XDRs?}",
  journal = {\aap},
   eprint = {astro-ph/0612122},
 keywords = {galaxies: evolution, galaxies: general, galaxies: starburst, galaxies: active, radio lines: galaxies, ISM: molecules},
     year = 2007,
    month = mar,
   volume = 464,
    pages = {193-200},
      doi = {10.1051/0004-6361:20066473},
   adsurl = {http://adsabs.harvard.edu/abs/2007A%26A...464..193A},
  adsnote = {Provided by the SAO/NASA Astrophysics Data System}
}

HCO+ at high-z
@ARTICLE{Riechers06a,
   author = {{Riechers}, D.~A. and {Walter}, F. and {Carilli}, C.~L. and
  {Weiss}, A. and {Bertoldi}, F. and {Menten}, K.~M. and {Knudsen}, K.~K. and
  {Cox}, P.},
    title = "{First Detection of HCO$^{+}$ Emission at High Redshift}",
  journal = {\apjl},
   eprint = {astro-ph/0605437},
 keywords = {Cosmology: Observations, Galaxies: Active, Galaxies: Formation, Galaxies: High-Redshift, Galaxies: Starburst, Radio Lines: Galaxies},
     year = 2006,
    month = jul,
   volume = 645,
    pages = {L13-L16},
      doi = {10.1086/505908},
   adsurl = {http://adsabs.harvard.edu/abs/2006ApJ...645L..13R},
  adsnote = {Provided by the SAO/NASA Astrophysics Data System}
}


@ARTICLE{Riechers07a,
   author = {{Riechers}, D.~A. and {Walter}, F. and {Carilli}, C.~L. and
  {Bertoldi}, F.},
    title = "{Observations of Dense Molecular Gas in a Quasar Host Galaxy at z = 6.42: Further Evidence for a Nonlinear Dense Gas-Star Formation Relation at Early Cosmic Times}",
  journal = {\apjl},
archivePrefix = "arXiv",
   eprint = {0710.4525},
 keywords = {Cosmology: Observations, Galaxies: Active, Galaxies: Formation, Galaxies: High-Redshift, Galaxies: Starburst, Radio Lines: Galaxies},
     year = 2007,
    month = dec,
   volume = 671,
    pages = {L13-L16},
      doi = {10.1086/524871},
   adsurl = {http://adsabs.harvard.edu/abs/2007ApJ...671L..13R},
  adsnote = {Provided by the SAO/NASA Astrophysics Data System}
}


@ARTICLE{Riechers10a,
   author = {{Riechers}, D.~A. and {Wei{\ss}}, A. and {Walter}, F. and {Wagg}, J.
  },
    title = "{Dense Molecular Gas Excitation in Nuclear Starbursts at High Redshift: HCN, HNC, and HCO$^{+}$(J = 6{\rarr}5) Emission in the z = 3.91 Quasar Host of APM 08279+5255}",
  journal = {\apj},
archivePrefix = "arXiv",
   eprint = {1010.2485},
 primaryClass = "astro-ph.CO",
 keywords = {cosmology: observations, galaxies: active, galaxies: formation, galaxies: high-redshift, galaxies: starburst, radio lines: galaxies},
     year = 2010,
    month = dec,
   volume = 725,
    pages = {1032-1039},
      doi = {10.1088/0004-637X/725/1/1032},
   adsurl = {http://adsabs.harvard.edu/abs/2010ApJ...725.1032R},
  adsnote = {Provided by the SAO/NASA Astrophysics Data System}
}


# HCN trace SF dense gas break down
@ARTICLE{GC08a,
   author = {{Graci{\'a}-Carpio}, J. and {Garc{\'{\i}}a-Burillo}, S. and
  {Planesas}, P. and {Fuente}, A. and {Usero}, A.},
    title = "{Evidence of enhanced star formation efficiency in luminous and ultraluminous infrared galaxies}",
  journal = {\aap},
archivePrefix = "arXiv",
   eprint = {0712.0582},
 keywords = {galaxies: evolution, galaxies: ISM, galaxies: starburst, infrared: galaxies, ISM: molecules, radio lines: galaxies},
     year = 2008,
    month = mar,
   volume = 479,
    pages = {703-717},
      doi = {10.1051/0004-6361:20078223},
   adsurl = {http://adsabs.harvard.edu/abs/2008A%26A...479..703G},
  adsnote = {Provided by the SAO/NASA Astrophysics Data System}
}

 high temp chemistry enhancement
@ARTICLE{Harada10a,
   author = {{Harada}, N. and {Herbst}, E. and {Wakelam}, V.},
    title = "{A New Network for Higher-temperature Gas-phase Chemistry. I. A Preliminary Study of Accretion Disks in Active Galactic Nuclei}",
  journal = {\apj},
 keywords = {astrochemistry, galaxies: nuclei, molecular data, molecular processes },
     year = 2010,
    month = oct,
   volume = 721,
      eid = {1570-1578},
    pages = {1570-1578},
      doi = {10.1088/0004-637X/721/2/1570},
   adsurl = {http://adsabs.harvard.edu/abs/2010ApJ...721.1570H},
  adsnote = {Provided by the SAO/NASA Astrophysics Data System}
}

detailed studies at local with ALMA
@ARTICLE{Rangwala15a,
   author = {{Rangwala}, N. and {Maloney}, P.~R. and {Wilson}, C.~D. and
  {Glenn}, J. and {Kamenetzky}, J. and {Spinoglio}, L.},
    title = "{Morphology and Kinematics of Warm Molecular Gas in the Nuclear Region of Arp 220 as Revealed by ALMA}",
  journal = {\apj},
archivePrefix = "arXiv",
   eprint = {1504.01773},
 keywords = {galaxies: active, galaxies: ISM, galaxies: kinematics and dynamics, techniques: interferometric},
     year = 2015,
    month = jun,
   volume = 806,
      eid = {17},
    pages = {17},
      doi = {10.1088/0004-637X/806/1/17},
   adsurl = {http://adsabs.harvard.edu/abs/2015ApJ...806...17R},
  adsnote = {Provided by the SAO/NASA Astrophysics Data System}
}

@ARTICLE{Sanders91a,
   author = {{Sanders}, D.~B. and {Scoville}, N.~Z. and {Soifer}, B.~T.},
    title = "{Molecular gas in luminous infrared galaxies}",
  journal = {\apj},
 keywords = {Galactic Structure, Infrared Sources (Astronomy), Luminosity, Molecular Gases, Active Galactic Nuclei, Emission Spectra, Infrared Astronomy Satellite, Interstellar Matter, Line Spectra, Red Shift},
     year = 1991,
    month = mar,
   volume = 370,
    pages = {158-171},
      doi = {10.1086/169800},
   adsurl = {http://adsabs.harvard.edu/abs/1991ApJ...370..158S},
  adsnote = {Provided by the SAO/NASA Astrophysics Data System}
}

@ARTICLE{Calzetti01a,
   author = {{Calzetti}, D.},
    title = "{The Dust Opacity of Star-forming Galaxies}",
  journal = {\pasp},
   eprint = {astro-ph/0109035},
 keywords = {ISM: Dust, Extinction, Galaxies: ISM, Galaxies: Starburst, infrared: galaxies, ultraviolet: galaxies},
     year = 2001,
    month = dec,
   volume = 113,
    pages = {1449-1485},
      doi = {10.1086/324269},
   adsurl = {http://adsabs.harvard.edu/abs/2001PASP..113.1449C},
  adsnote = {Provided by the SAO/NASA Astrophysics Data System}
}


@ARTICLE{Scoville15a,
   author = {{Scoville}, N. and {Sheth}, K. and {Walter}, F. and {Manohar}, S. and
  {Zschaechner}, L. and {Yun}, M. and {Koda}, J. and {Sanders}, D. and
  {Murchikova}, L. and {Thompson}, T. and {Robertson}, B. and
  {Genzel}, R. and {Hernquist}, L. and {Tacconi}, L. and {Brown}, R. and
  {Narayanan}, D. and {Hayward}, C.~C. and {Barnes}, J. and {Kartaltepe}, J. and
  {Davies}, R. and {van der Werf}, P. and {Fomalont}, E.},
    title = "{ALMA Imaging of HCN, CS, and Dust in Arp 220 and NGC 6240}",
  journal = {\apj},
archivePrefix = "arXiv",
   eprint = {1412.5183},
 keywords = {galaxies: individual: Arp 220 NGC 6240, galaxies: starburst},
     year = 2015,
    month = feb,
   volume = 800,
      eid = {70},
    pages = {70},
      doi = {10.1088/0004-637X/800/1/70},
   adsurl = {http://adsabs.harvard.edu/abs/2015ApJ...800...70S},
  adsnote = {Provided by the SAO/NASA Astrophysics Data System}
}

@ARTICLE{Greve14a,
   author = {{Greve}, T.~R. and {Leonidaki}, I. and {Xilouris}, E.~M. and
  {Wei{\ss}}, A. and {Zhang}, Z.-Y. and {van der Werf}, P. and
  {Aalto}, S. and {Armus}, L. and {D{\'{\i}}az-Santos}, T. and
  {Evans}, A.~S. and {Fischer}, J. and {Gao}, Y. and {Gonz{\'a}lez-Alfonso}, E. and
  {Harris}, A. and {Henkel}, C. and {Meijerink}, R. and {Naylor}, D.~A. and
  {Smith}, H.~A. and {Spaans}, M. and {Stacey}, G.~J. and {Veilleux}, S. and
  {Walter}, F.},
    title = "{Star Formation Relations and CO Spectral Line Energy Distributions across the J-ladder and Redshift}",
  journal = {\apj},
archivePrefix = "arXiv",
   eprint = {1407.4400},
 keywords = {galaxies: evolution, galaxies: formation, galaxies: ISM, galaxies: starburst, ISM: molecules},
     year = 2014,
    month = oct,
   volume = 794,
      eid = {142},
    pages = {142},
      doi = {10.1088/0004-637X/794/2/142},
   adsurl = {http://adsabs.harvard.edu/abs/2014ApJ...794..142G},
  adsnote = {Provided by the SAO/NASA Astrophysics Data System}
}

HCN/HCO+ (4-3)
@ARTICLE{GB14a,
   author = {{Garc{\'{\i}}a-Burillo}, S. and {Combes}, F. and {Usero}, A. and
  {Aalto}, S. and {Krips}, M. and {Viti}, S. and {Alonso-Herrero}, A. and
  {Hunt}, L.~K. and {Schinnerer}, E. and {Baker}, A.~J. and {Boone}, F. and
  {Casasola}, V. and {Colina}, L. and {Costagliola}, F. and {Eckart}, A. and
  {Fuente}, A. and {Henkel}, C. and {Labiano}, A. and {Mart{\'{\i}}n}, S. and
  {M{\'a}rquez}, I. and {Muller}, S. and {Planesas}, P. and {Ramos Almeida}, C. and
  {Spaans}, M. and {Tacconi}, L.~J. and {van der Werf}, P.~P.},
    title = "{Molecular line emission in NGC 1068 imaged with ALMA. I. An AGN-driven outflow in the dense molecular gas}",
  journal = {\aap},
archivePrefix = "arXiv",
   eprint = {1405.7706},
 keywords = {galaxies: individual: NGC 1068, galaxies: ISM, galaxies: kinematics and dynamics, galaxies: nuclei, galaxies: Seyfert, radio lines: galaxies},
     year = 2014,
    month = jul,
   volume = 567,
      eid = {A125},
    pages = {A125},
      doi = {10.1051/0004-6361/201423843},
   adsurl = {http://adsabs.harvard.edu/abs/2014A%26A...567A.125G},
  adsnote = {Provided by the SAO/NASA Astrophysics Data System}
}

@ARTICLE{GB12a,
   author = {{Garc{\'{\i}}a-Burillo}, S. and {Usero}, A. and {Alonso-Herrero}, A. and
  {Graci{\'a}-Carpio}, J. and {Pereira-Santaella}, M. and {Colina}, L. and
  {Planesas}, P. and {Arribas}, S.},
    title = "{Star-formation laws in luminous infrared galaxies. New observational constraints on models}",
  journal = {\aap},
archivePrefix = "arXiv",
   eprint = {1111.6773},
 keywords = {galaxies: ISM, radio lines: ISM, galaxies: starburst, galaxies: star formation, radio lines: galaxies},
     year = 2012,
    month = mar,
   volume = 539,
      eid = {A8},
    pages = {A8},
      doi = {10.1051/0004-6361/201117838},
   adsurl = {http://adsabs.harvard.edu/abs/2012A%26A...539A...8G},
  adsnote = {Provided by the SAO/NASA Astrophysics Data System}
}

HCN/HCO+ (4-3)
@ARTICLE{Viti14a,
   author = {{Viti}, S. and {Garc{\'{\i}}a-Burillo}, S. and {Fuente}, A. and
  {Hunt}, L.~K. and {Usero}, A. and {Henkel}, C. and {Eckart}, A. and
  {Martin}, S. and {Spaans}, M. and {Muller}, S. and {Combes}, F. and
  {Krips}, M. and {Schinnerer}, E. and {Casasola}, V. and {Costagliola}, F. and
  {Marquez}, I. and {Planesas}, P. and {van der Werf}, P.~P. and
  {Aalto}, S. and {Baker}, A.~J. and {Boone}, F. and {Tacconi}, L.~J.
  },
    title = "{Molecular line emission in NGC 1068 imaged with ALMA. II. The chemistry of the dense molecular gas}",
  journal = {\aap},
archivePrefix = "arXiv",
   eprint = {1407.4940},
 keywords = {galaxies: active, galaxies: individual: NGC 1068, galaxies: ISM, galaxies: nuclei, molecular processes, radio lines: galaxies},
     year = 2014,
    month = oct,
   volume = 570,
      eid = {A28},
    pages = {A28},
      doi = {10.1051/0004-6361/201424116},
   adsurl = {http://adsabs.harvard.edu/abs/2014A%26A...570A..28V},
  adsnote = {Provided by the SAO/NASA Astrophysics Data System}
}

@ARTICLE{Reis14a,
   author = {{Reis}, R.~C. and {Reynolds}, M.~T. and {Miller}, J.~M. and
  {Walton}, D.~J.},
    title = "{Reflection from the strong gravity regime in a lensed quasar at redshift z = 0.658}",
  journal = {\nat},
archivePrefix = "arXiv",
   eprint = {1403.4973},
 primaryClass = "astro-ph.HE",
     year = 2014,
    month = mar,
   volume = 507,
    pages = {207-209},
      doi = {10.1038/nature13031},
   adsurl = {http://adsabs.harvard.edu/abs/2014Natur.507..207R},
  adsnote = {Provided by the SAO/NASA Astrophysics Data System}
}

AGN late merger
@ARTICLE{Iwasawa11a,
   author = {{Iwasawa}, K. and {Sanders}, D.~B. and {Teng}, S.~H. and {U}, V. and
  {Armus}, L. and {Evans}, A.~S. and {Howell}, J.~H. and {Komossa}, S. and
  {Mazzarella}, J.~M. and {Petric}, A.~O. and {Surace}, J.~A. and
  {Vavilkin}, T. and {Veilleux}, S. and {Trentham}, N.},
    title = "{C-GOALS: Chandra observations of a complete sample of luminous infrared galaxies from the IRAS Revised Bright Galaxy Survey}",
  journal = {\aap},
archivePrefix = "arXiv",
   eprint = {1103.2755},
 keywords = {infrared: galaxies, X-rays: galaxies, galaxies: active, galaxies: starburst},
     year = 2011,
    month = may,
   volume = 529,
      eid = {A106},
    pages = {A106},
      doi = {10.1051/0004-6361/201015264},
   adsurl = {http://adsabs.harvard.edu/abs/2011A%26A...529A.106I},
  adsnote = {Provided by the SAO/NASA Astrophysics Data System}
}

AGN late merger
@ARTICLE{Carpineti12a,
   author = {{Carpineti}, A. and {Kaviraj}, S. and {Darg}, D. and {Lintott}, C. and
  {Schawinski}, K. and {Shabala}, S.},
    title = "{Spheroidal post-mergers in the local Universe}",
  journal = {\mnras},
archivePrefix = "arXiv",
   eprint = {1111.5008},
 keywords = {galaxies: elliptical and lenticular, cD, galaxies: evolution, galaxies: formation, galaxies: interactions},
     year = 2012,
    month = mar,
   volume = 420,
    pages = {2139-2146},
      doi = {10.1111/j.1365-2966.2011.20179.x},
   adsurl = {http://adsabs.harvard.edu/abs/2012MNRAS.420.2139C},
  adsnote = {Provided by the SAO/NASA Astrophysics Data System}
}


AGN late merger
@ARTICLE{Yuan10a,
   author = {{Yuan}, T.-T. and {Kewley}, L.~J. and {Sanders}, D.~B.},
    title = "{The Role of Starburst-Active Galactic Nucleus Composites in Luminous Infrared Galaxy Mergers: Insights from the New Optical Classification Scheme}",
  journal = {\apj},
archivePrefix = "arXiv",
   eprint = {0911.3728},
 keywords = {galaxies: active, galaxies: evolution, galaxies: interactions, galaxies: starburst, infrared: galaxies},
     year = 2010,
    month = feb,
   volume = 709,
    pages = {884-911},
      doi = {10.1088/0004-637X/709/2/884},
   adsurl = {http://adsabs.harvard.edu/abs/2010ApJ...709..884Y},
  adsnote = {Provided by the SAO/NASA Astrophysics Data System}
}


model
@ARTICLE{Narayanan14a,
   author = {{Narayanan}, D. and {Krumholz}, M.~R.},
    title = "{A theory for the excitation of CO in star-forming galaxies}",
  journal = {\mnras},
archivePrefix = "arXiv",
   eprint = {1401.2998},
 keywords = {ISM: clouds, ISM: molecules, galaxies: interactions, galaxies: ISM, galaxies: starburst, galaxies: star formation},
     year = 2014,
    month = aug,
   volume = 442,
    pages = {1411-1428},
      doi = {10.1093/mnras/stu834},
   adsurl = {http://adsabs.harvard.edu/abs/2014MNRAS.442.1411N},
  adsnote = {Provided by the SAO/NASA Astrophysics Data System}
}

CO ULIRG gas fraction
@ARTICLE{Combes13a,
   author = {{Combes}, F. and {Garc{\'{\i}}a-Burillo}, S. and {Braine}, J. and
  {Schinnerer}, E. and {Walter}, F. and {Colina}, L.},
    title = "{Gas fraction and star formation efficiency at z $\lt$ 1.0}",
  journal = {\aap},
archivePrefix = "arXiv",
   eprint = {1209.3665},
 keywords = {galaxies: high-redshift, galaxies: ISM, galaxies: starburst, radio lines: galaxies},
     year = 2013,
    month = feb,
   volume = 550,
      eid = {A41},
    pages = {A41},
      doi = {10.1051/0004-6361/201220392},
   adsurl = {http://adsabs.harvard.edu/abs/2013A%26A...550A..41C},
  adsnote = {Provided by the SAO/NASA Astrophysics Data System}
}

CO in local ULIRGs
@ARTICLE{Solomon97a,
   author = {{Solomon}, P.~M. and {Downes}, D. and {Radford}, S.~J.~E. and
  {Barrett}, J.~W.},
    title = "{The Molecular Interstellar Medium in Ultraluminous Infrared Galaxies}",
  journal = {\apj},
   eprint = {astro-ph/9610166},
 keywords = {Galaxies: ISM, Galaxies: Nuclei, Galaxies: Starburst, Infrared: Galaxies, Radio Lines: Galaxies},
     year = 1997,
    month = mar,
   volume = 478,
    pages = {144-161},
   adsurl = {http://adsabs.harvard.edu/abs/1997ApJ...478..144S},
  adsnote = {Provided by the SAO/NASA Astrophysics Data System}
}


CO merger
@ARTICLE{Ueda14a,
   author = {{Ueda}, J. and {Iono}, D. and {Yun}, M.~S. and {Crocker}, A.~F. and
  {Narayanan}, D. and {Komugi}, S. and {Espada}, D. and {Hatsukade}, B. and
  {Kaneko}, H. and {Matsuda}, Y. and {Tamura}, Y. and {Wilner}, D.~J. and
  {Kawabe}, R. and {Pan}, H.-A.},
    title = "{Cold Molecular Gas in Merger Remnants. I. Formation of Molecular Gas Disks}",
  journal = {\apjs},
archivePrefix = "arXiv",
   eprint = {1407.6873},
 keywords = {galaxies: evolution, galaxies: formation, galaxies: interactions, galaxies: ISM, galaxies: kinematics and dynamics, radio lines: galaxies},
     year = 2014,
    month = sep,
   volume = 214,
      eid = {1},
    pages = {1},
      doi = {10.1088/0067-0049/214/1/1},
   adsurl = {http://adsabs.harvard.edu/abs/2014ApJS..214....1U},
  adsnote = {Provided by the SAO/NASA Astrophysics Data System}
}
